4562 5568
997 377 1042 392 ⁴·
1087 335 1143 460 ii]
1160 370 1231 463 :3'3

260 543 347 606 sitam
371 543 571 619 inveniamus;
600 563 668 606 nam
692 554 792 608 orator
813 563 897 608 reum
920 548 986 610 sine
1009 547 1131 610 consilio
1154 545 1336 609 interfecisse
1359 562 1418 608 non
1446 547 1538 608 semel
1566 546 1618 642 sed
1645 545 1689 607 bis
1717 545 1852 626 explicat:
1878 543 1958 622 ryt

260 650 278 716 ri
305 649 343 716 dei
369 651 468 736 μείζω
493 645 537 719 ὦν
565 652 669 740 ἤθελε
695 648 841 740 πράξας,
872 659 980 722 deinde
1008 655 1047 724 ὃν
1076 653 1134 725 οὖν
1160 655 1281 743 ἤθελον
1307 653 1508 722 ἀπέκτεινεν.
1559 659 1618 722 Sed
1647 676 1792 739 ponamus
1819 657 1958 739 Philippii

260 766 404 830 iudicium
435 777 549 831 rectum
581 788 659 844 esse3
689 769 759 850 quid
787 769 957 834 lucramur?
1001 772 1142 836 Potuitne
1170 780 1336 843 accusator,
1364 773 1420 835 uisi
1448 772 1504 836 ulla
1534 779 1634 833 mente
1656 775 1719 834 erat
1750 789 1874 842 vacuus,
1901 771 1958 832 hoc

261 880 347 941 modo
369 879 535 944 defensioni
558 883 747 963 respondere,
771 883 802 944 in
825 901 883 963 qua
906 903 975 946 reus
999 886 1074 947 hanc
1096 887 1189 966 legem
1206 893 1489 948 commemoraverat
1511 883 1574 966 (Γβ
1586 880 1662 962 tlt),
1686 902 1762 963 quae
1784 881 1866 945 iubet
1888 899 1958 944 eum

259 999 375 1054 tantum
400 992 575 1055 homicidam
599 1012 673 1066 esse,
699 994 750 1074 qui
772 995 893 1058 alterius
917 997 991 1059 vitae
1013 997 1170 1061 insidiatus
1194 993 1287 1073 sit¹ll
1315 997 1381 1070 Quo
1405 999 1493 1090 modo
1517 1013 1634 1077 cunque
1657 995 1775 1058 illorum
1800 993 1961 1056 verborum¹

259 1101 435 1165 sententiam
465 1103 624 1178 vertimus,
655 1123 687 1167 ea
715 1107 862 1168 contraria
894 1127 1060 1190 parumque
1090 1109 1277 1171 concinentia
1300 1127 1364 1172 esse
1386 1109 1482 1172 verbis
1504 1109 1536 1170 in
1559 1107 1740 1171 oratiuncula
1762 1106 1857 1188 prima
1880 1109 1910 1184 (8
1925 1106 1957 1182 6)

258 1215 392 1294 prolatis,
421 1216 486 1295 quis
510 1227 555 1277 est
576 1217 648 1298 quin
672 1218 767 1298 primo
792 1218 898 1284 obtutu
922 1218 1036 1283 videat?
1080 1223 1236 1286 Praeterea
1258 1221 1283 1284 si
1306 1239 1340 1282 re
1362 1237 1447 1296 vera,
1470 1229 1504 1283 ut
1526 1217 1690 1302 Philippius
1713 1218 1863 1290 adfirmat.
1892 1237 1957 1280 am-

260 1326 377 1405 bigitur,
400 1344 457 1407 qua
481 1329 630 1391 voluntate
652 1347 720 1391 reus
744 1331 862 1394 caedem
886 1334 1055 1413 patraverit,
1077 1350 1149 1396 num
1172 1331 1295 1396 consilio
1318 1349 1356 1395 sn
1378 1333 1549 1396 inconsulto
1572 1331 1736 1395 accusatori
1751 1331 1851 1394 omnia
1866 1329 1958 1392 fuisse

259 1437 373 1500 vitanda
396 1447 442 1501 est
464 1441 642 1512 tenendum,
670 1441 776 1522 quibus
804 1461 890 1505 reum
917 1445 1114 1508 involuntarie
1141 1444 1334 1509 homicidium
1361 1445 1466 1508 fecisse
1493 1442 1731 1522 confitebatur¹).
1776 1441 1956 1525 philippium

259 1561 357 1613 autem
380 1552 423 1626 in,
438 1551 628 1614 manifestum
653 1572 784 1616 errorem
806 1555 947 1618 incidisse
970 1557 1057 1619 etiam
1080 1555 1239 1633 Blassiusll
1262 1558 1369 1632 sensit,
1396 1557 1463 1638 qui,
1492 1566 1601 1638 quanta
1625 1555 1780 1619 calliditate
1803 1561 1957 1618 accusator

258 1661 389 1724 obtineat
411 1663 473 1743 (Py
488 1667 520 1740 4)
543 1682 628 1726 reum
653 1667 791 1728 consulto
814 1667 932 1748 quidem
956 1669 1126 1733 verberasse
1148 1669 1346 1734 involuntarie
1369 1679 1468 1733 autem
1492 1669 1691 1743 interfecisse,
1719 1669 1884 1732 accuratius
1906 1685 1959 1728 ex·

258 1791 370 1854 ponere
393 1773 479 1855 plane
502 1775 611 1837 omisit.
656 1777 721 1850 Quo
751 1779 845 1857 magis
873 1779 1022 1843 offendere
1049 1781 1192 1844 dehemus
1219 1783 1251 1848 iu
1281 1803 1332 1856 eo,
1362 1783 1440 1864 quod
1468 1783 1498 1844 in
1522 1781 1635 1863 epilogo
1659 1780 1767 1862 (Γγί)
1790 1780 1899 1842 indices
1922 1778 1959 1840 uh

259 1896 429 1948 accusatore
451 1897 627 1962 monentur,
657 1900 690 1951 ut
711 1907 794 1952 reum
819 1889 923 1971 capitis
946 1891 1130 1956 damnarent.
1175 1893 1277 1975 Neque
1299 1913 1369 1956 vero
1392 1913 1425 1956 ex
1450 1894 1562 1974 legibus
1584 1894 1688 1956 Atticis
1710 1893 1750 1964 is,
1779 1891 1831 1973 qui
1852 1891 1959 1954 incon·

259 1999 337 2061 sulto
363 2010 527 2072 necaverat,
550 2008 647 2062 morte
671 2002 790 2063 multari
812 2003 918 2086 potuit.
1182 1999 1184 2005 '

402 2112 592 2176 Postremum
616 2121 770 2176 accusator
791 2115 833 2176 rei
857 2125 1073 2195 argumentum,
1097 2137 1156 2199 quo
1178 2119 1384 2181 demonstrare
1406 2119 1506 2183 studet
1529 2119 1591 2200 (Γβ
1606 2119 1638 2194 4)
1666 2115 1813 2180 medicum
1836 2131 1958 2177 revera

259 2243 323 2286 esse
347 2223 584 2298 interfectorem,
613 2227 790 2304 redarguere
812 2238 945 2290 conatur.
989 2229 1098 2310 Legem
1122 2231 1201 2292 enim
1226 2239 1341 2294 exstare
1364 2239 1483 2304 monet,
1510 2239 1544 2293 ut
1567 2230 1699 2294 medicus
1722 2246 1839 2309 semper
1861 2226 1958 2290 caedis

258 2335 342 2418 culpa
364 2335 505 2400 liberetur
526 2336 588 2417 (lh
602 2337 647 2413 b);
675 2357 763 2419 quam
794 2339 886 2420 legem
914 2340 946 2402 in
969 2341 1058 2406 httici
1080 2343 1153 2405 iuris
1177 2344 1278 2407 codice
1300 2344 1346 2406 his
1369 2343 1465 2407 verbis
1487 2361 1657 2425 expressam
1681 2341 1770 2404 luisse
1792 2347 1958 2422 comparata

259 2448 347 2510 simili
370 2449 448 2530 apud
471 2450 623 2512 Platonem
646 2448 775 2513 formula
798 2453 963 2515 concedere
984 2473 1045 2516 non
1067 2473 1200 2536 possum.
1246 2455 1328 2520 Plato
1356 2455 1405 2537 (dc
1427 2457 1483 2537 leg.
1498 2455 1548 2528 tx,
1571 2453 1676 2528 snut)
1708 2455 1785 2518 enim
1810 2452 1958 2515 medicum

259 2579 321 2622 non
348 2561 538 2624 condemnari
565 2571 726 2636 asseverat,
761 2562 818 2626 nisi
845 2566 982 2628 consulto
1012 2575 1164 2648 aegrotum
1194 2569 1268 2631 mala
1297 2587 1367 2631 cura
1396 2569 1553 2632 necaverit.
1602 2567 1716 2641 Quodsi
1747 2574 1899 2630 accusator
1926 2565 1957 2626 in

258 2674 313 2736 hac
340 2675 525 2738 oratiuncula
555 2657 729 2738 vocabulum
757 2671 847 2740 ἄκων
868 2677 981 2741 adicere
1004 2681 1118 2756 omisit,
1149 2681 1205 2744 hoc
1232 2682 1440 2747 tantummodo
1458 2681 1531 2744 'lieri
1561 2678 1672 2762 potuit,
1701 2687 1734 2742 ut
1757 2677 1905 2741 defensori
1927 2676 1958 2738 in

257 2787 438 2848 oratiuncula
472 2797 576 2868 quarta
607 2805 678 2851 ansa
710 2797 789 2851 esset
823 2790 960 2853 omnihus
996 2792 1092 2854 modis
1127 2794 1285 2856 ostendere
1319 2793 1497 2858 accusatoris
1524 2792 1703 2856 sententiam
1733 2789 1897 2854 claudicare
1924 2805 1959 2851 ac

257 2897 383 2960 fucatam
407 2898 502 2978 legem
527 2916 593 2961 esse
616 2899 744 2964 citatam.
788 2899 867 2964 Nihil
894 2901 1039 2965 eiusmodi
1066 2905 1234 2978 invenitur,
1264 2905 1315 2967 sed
1344 2905 1452 2969 ieiunis
1482 2906 1577 2968 verbis
1604 2913 1748 2986 patronus
1771 2903 1878 2965 iterum
1903 2902 1957 2964 ad-

256 3011 355 3072 firmat
377 3011 523 3074 medicum
547 3027 668 3074 necasse
692 3031 788 3092 neque
811 3014 900 3075 ullam
925 3017 1104 3078 accusatoris
1127 3016 1283 3080 verborum
1306 3019 1451 3081 rationem
1476 3019 1566 3082 habet
1587 3015 1649 3096 (lli
1663 3015 1707 3095 8).

399 3123 457 3185 Sed
480 3123 516 3186 ad
539 3123 754 3187 oratiunculam
777 3134 912 3206 quartam
935 3144 1093 3207 pergamus
1115 3128 1330 3192 illustrandam.
1373 3137 1483 3193 ductor
1509 3148 1596 3193 reum
1626 3130 1699 3192 urbe
1721 3128 1882 3192 excessisse
1903 3125 1957 3187 ad-

257 3236 451 3299 versariorum
475 3235 741 3298 machinationibus
765 3238 952 3318 perterritum
983 3248 1071 3321 atque
1098 3240 1177 3304 illam
1205 3243 1369 3306 orationem
1398 3243 1434 3307 ab
1462 3243 1557 3305 amico
1589 3241 1717 3325 quodam
1739 3241 1842 3303 haberi
1864 3238 1957 3320 lingit·

257 3346 333 3410 Num
356 3350 419 3428 lege
442 3349 538 3412 httica
560 3349 738 3429 permissum
763 3349 854 3412 fuerit
875 3360 943 3431 post
965 3352 1008 3414 rei
1035 3351 1135 3433 fugam
1166 3363 1324 3434 patronum
1352 3355 1503 3437 quendam
1527 3355 1557 3418 in
1578 3355 1622 3418 rei
1644 3356 1738 3436 ipsius
1761 3355 1860 3417 locum
1882 3352 1957 3415 sub-

255 3461 337 3522 stitui
360 3469 391 3522 et
412 3460 524 3523 iudices
552 3462 640 3524 alters
669 3461 802 3523 oratione
829 3473 981 3542 perorata,
1009 3481 1084 3544 quae
1111 3482 1162 3527 reo
1190 3483 1329 3530 concesse
1360 3474 1435 3541 erat,
1465 3468 1627 3531 sententies
1654 3464 1893 3548 pronuntiavisse
1922 3481 1957 3525 err

258 3591 321 3634 mea
345 3573 463 3656 quidem
488 3574 627 3655 opinione
651 3591 711 3636 non
734 3573 836 3655 liquet,
859 3592 926 3638 cum
949 3595 966 3638 a
989 3575 1137 3638 veteribus
1161 3577 1235 3640 nihil
1258 3579 1418 3642 memoriae
1441 3579 1591 3660 proditum
1614 3579 1663 3642 sit.
1701 3579 1753 3640 Vix
1776 3587 1874 3640 autem
1898 3575 1958 3638 rcrl

256 3685 351 3746 simile
379 3686 509 3762 videtur,·
539 3685 660 3749 Athenis
689 3685 770 3747 enim
797 3687 844 3748 lex
873 3694 950 3760 erat,
979 3694 1010 3748 ut
1040 3689 1244 3771 unnsquisque
1272 3689 1334 3770 ipse
1362 3691 1393 3753 in
1421 3691 1529 3755 iudicio
1560 3707 1613 3773 pro
1644 3709 1676 3754 ss
1704 3690 1830 3762 diceret,
1859 3703 1957 3768 neque

258 3795 394 3857 causidici
419 3807 517 3872 erant,
541 3801 592 3881 qui
614 3817 667 3880 pro
690 3800 754 3860 aliis
776 3817 894 3861 causam
929 3801 1095 3880 egerent⁴);
1124 3801 1178 3864 etsi
1207 3820 1369 3884 synegoros
1404 3805 1454 3885 qui
1478 3805 1617 3867 dicuntur
1640 3802 1780 3866 adhibere
1800 3800 1907 3864 licebat
1928 3809 1958 3863 et

256 3907 286 3968 in
309 3913 472 3971 accusando
497 3903 527 3972 et
547 3913 580 3974 in
602 3911 799 3985 defendendo,
823 3920 856 3973 ut
878 3912 920 3972 illi
941 3913 1114 3994 saepissime
1136 3933 1168 3976 re
1191 3932 1257 3977 vera
1280 3925 1380 3996 partes
1403 3925 1524 3998 agerent
1546 3923 1575 3978 et
1590 3915 1686 3978 oratio
1702 3912 1839 3995 syoegori
1861 3913 1956 3976 multo

391 4098 411 4165 ¹)
430 4099 495 4166 Γβῦ
513 4096 560 4152 τὸν
577 4098 632 4170 γάρ
649 4092 881 4168 ἐπιβουλεύσαντα
897 4093 996 4156 referire
1014 4099 1040 4168 (d
1059 4100 1156 4173 νόμας)
1174 4107 1262 4175 φονέα
1279 4103 1358 4174 εἶναι,
1377 4123 1440 4176 quse
1458 4109 1502 4160 lex
1519 4123 1575 4160 curo
1586 4106 1683 4160 Atticis
1696 4107 1723 4158 is
1737 4108 1885 4158 universnm
1897 4121 1957 4158 con·

256 4187 355 4252 splrsrs
372 4185 484 4250 videtur,
503 4183 535 4236 ef.
548 4186 641 4236 hndcc.
655 4186 685 4237 de
697 4194 773 4255 myst.
792 4187 853 4254 §st
871 4173 951 4247 οὗτος
969 4185 984 4240 ὁ
1002 4183 1086 4260 νόμος
1098 4229 1104 4243 .
1114 4227 1138 4244 ..
1152 4189 1208 4244 ἔστι
1279 4187 1327 4246 τὸν
1342 4184 1528 4261 βουλεύσαντα
1545 4193 1576 4248 ἐν
1593 4195 1631 4264 τῷ
1651 4187 1723 4261 αὐτῷ
1746 4191 1894 4262 ἐνέχεσθαι
1909 4192 1957 4246 καί

256 4269 304 4324 τὸν
321 4271 354 4342 τῇ
368 4271 443 4342 χειρί
458 4261 654 4342 ἐργασάμενον.
1951 4277 1954 4284 ’

388 4356 408 4424 ⁹)
427 4357 519 4410 lliruvn
537 4359 563 4409 ivs
582 4358 680 4408 modurn
699 4355 810 4422 lgnstius
830 4360 858 4422 (l.
872 4375 893 4410 ο.
906 4375 928 4425 p.
944 4359 987 4427 88)
1004 4362 1035 4412 tls
1048 4363 1127 4415 tertia
1139 4363 1279 4430 tetralogin
1292 4364 1428 4429 indicavit,
1445 4364 1487 4432 qni
1501 4371 1530 4415 nt
1541 4365 1754 4432 controversiam,
1772 4365 1802 4418 de
1815 4380 1863 4432 qus
1876 4379 1954 4432 supra

257 4443 386 4510 copiosius
404 4443 581 4510 disseruimus,
599 4445 714 4510 tolleret,
733 4458 766 4494 ex
783 4444 830 4494 hac
848 4445 986 4512 tetralogis
1006 4449 1096 4514 colligi
1114 4465 1189 4516 posse
1207 4451 1257 4503 sibi
1276 4452 1348 4504 visus
1367 4458 1407 4502 est
1426 4451 1492 4502 inter
1510 4445 1599 4520 φόνον
1622 4441 1747 4504 ἑκούσιον
1770 4451 1799 4506 lar
1822 4451 1957 4521 προνοίας

257 4538 283 4581 et
299 4523 387 4596 φόνον
405 4521 531 4583 ἑκούσιον
549 4526 614 4584 ἄνευ
632 4532 765 4602 προνοίας
782 4530 846 4597 epod
866 4532 1035 4584 Athenienses
1057 4550 1171 4601 magnum
1195 4537 1330 4590 discrimen
1356 4537 1548 4604 intercessisse,
1575 4539 1691 4605 quanvis
1713 4538 1846 4606 utriusqus
1869 4538 1955 4589 caedis
1981 4525 1983 4528 ¹

258 4630 362 4682 posnam
382 4617 533 4684 supplicium
550 4615 631 4670 fnisse
650 4618 816 4669 constitutum
835 4617 995 4685 prolientur.
1031 4619 1101 4686 Ques
1120 4623 1207 4689 opinio
1225 4625 1288 4676 milvi
1305 4625 1405 4690 quidam
1421 4633 1517 4678 tauers
1536 4625 1563 4677 in
1587 4625 1698 4678 mettun
1720 4625 1820 4694 prolsts
1842 4625 1955 4689 videtur,

255 4701 345 4768 quippe
364 4717 379 4752 s
396 4717 444 4769 qus
461 4719 517 4755 cum
535 4703 579 4756 lex
596 4705 621 4754 in
640 4704 725 4771 lepide
744 4705 780 4766 (C.
793 4703 810 4755 l.
822 4705 853 4756 Α.
862 4703 907 4769 61)
925 4704 1004 4757 incisu
1023 4714 1076 4758 turn
1094 4709 1166 4760 locus
1185 4710 1250 4776 spud
1262 4710 1455 4764 Demosthenem
1473 4719 1593 4765 servatus
1607 4713 1656 4776 (or.
1670 4711 1743 4778 xxt,
1755 4711 1788 4764 48
1801 4709 1829 4765 ol
1840 4711 1956 4782 φονιιιοί

260 4781 356 4856 νόμοι)
374 4781 436 4845 τοὺς
452 4787 505 4856 μὲν
522 4787 551 4841 ίιι
567 4794 702 4860 προνοίας
719 4785 935 4848 ἀποκτιννύντας
952 4787 1064 4862 θανάτῳ
1082 4797 1127 4846 καί
1150 4789 1281 4864 ἀειφυγίᾳ
1300 4797 1349 4848 arel
1373 4792 1503 4864 δημεύσει
1528 4797 1583 4850 τᾶν
1609 4789 1792 4866 ὑπαρχόντων
1819 4798 1955 4866 ζημιοῦσι,

256 4869 317 4932 τοὺς
333 4872 358 4926 d'
376 4871 513 4931 ἀκουσίως
530 4873 656 4933 uidisses
673 4876 721 4928 καί
738 4879 945 4947 φιλανθρωπίας
961 4877 1060 4942 πολλῆς
1077 4875 1203 4946 ἠξίωσαν,
1223 4880 1256 4934 ef.
1273 4883 1383 4936 Aristot.
1400 4884 1459 4936 ttth
1476 4899 1557 4948 megs.
1570 4883 1589 4950 l,
1601 4885 1627 4948 b)
1646 4899 1798 4952 magnopere
1816 4884 1954 4952 dlscrspst.

257 4960 356 5030 Optime
373 4960 536 5012 llerrlichins
555 4963 583 5026 (l.
596 4978 616 5012 c.
632 4978 655 5030 p.
670 4963 684 5012 'l
697 4963 745 5029 sq.)
764 4964 795 5014 ds
812 4963 859 5014 hsc
878 4980 907 5016 rs
925 4965 987 5031 egit,
1004 4965 1037 5018 cf.
1055 4965 1175 5034 Philippi,
1193 4967 1244 5020 ller
1262 4968 1381 5037 Areopsg
1399 4987 1423 5023 n.
1442 4971 1482 5023 dle
1499 4971 1624 5038 llphstsn,
1640 4987 1664 5039 p.
1677 4971 1710 5024 lb
1722 4987 1760 5039 sq.

390 5046 413 5111 ³)
432 5046 477 5097 llis
495 5053 541 5097 stt.
562 5047 718 5099 lieredssmh.
732 5045 773 5112 ΙΙΙ,
787 5047 802 5100 2
815 5065 839 5114 p.
852 5048 914 5116 ³283
927 5049 962 5116 1²,
975 5068 998 5118 p.
1014 5051 1062 5106 167
1075 5053 1140 5106 Δία.
1153 5053 1177 5105 ll.

390 5133 411 5201 ⁴)
429 5132 594 5198 Schoeneus,
612 5132 749 5202 Antiquitt.
762 5149 785 5201 p.
798 5133 858 5186 282.
