4562 5568
1054 305 1271 371 ..23-

316 497 467 547 accusator
489 501 573 548 reum
597 488 734 549 consulto
758 504 879 548 nemeae
902 483 1042 558 obtineat,
1064 503 1132 547 reus
1155 505 1187 548 se
1209 484 1305 548 caedis
1328 493 1480 566 expertem
1503 503 1567 546 esse
1583 485 1709 547 declarat
1725 487 1759 547 ad
1776 483 2009 547 confirmandam

316 615 415 660 vocem
440 597 511 660 nibil
534 598 672 660 adiciens.
718 599 802 673 Quod
830 598 861 660 in
889 598 1072 660 oratiuncula
1099 599 1229 661 secunda
1256 599 1288 678 (ᾗ
1304 597 1385 676 536)
1413 616 1481 660 reus
1510 597 1692 659 detensionis
1719 608 1807 678 eaput
1836 596 1900 659 aliie
1922 615 2010 676 argu·

317 711 424 773 mentis
446 710 577 773 stabilire
600 719 723 774 conatus
746 713 798 784 sit,
826 712 892 792 quis
915 721 960 772 est
983 713 1033 791 qni
1058 712 1196 782 miretur,
1226 712 1277 773 sed
1308 729 1425 791 semper
1446 709 1482 771 ad
1504 707 1592 770 verba
1622 710 1707 780 redit,
1734 729 1809 790 quae
1832 717 1917 771 anna
1938 727 2009 789 pro·

314 823 503 896 nuntiaverit,
526 843 558 886 se
580 824 675 887 caedis
698 825 782 905 culpa
806 841 865 886 non
889 822 998 886 teneri:
1031 823 1112 902 Γβ6
1136 818 1246 885 oaldsvl
1265 817 1378 906 τρόπῳ
1401 817 1520 905 φονεὺς
1534 815 1635 885 αὐτοῦ
1650 819 1739 903 alpi?
1762 821 1812 898 (ci.
1828 823 1850 902 β
1865 820 1910 900 8).

456 935 663 999 Disserendum
686 936 771 998 nobis
794 944 840 998 est
870 937 906 998 de
934 936 1117 998 oratiuncula
1142 937 1241 1008 tertia,
1270 955 1305 998 er
1328 955 1384 1018 qua
1411 937 1495 999 facile
1523 935 1743 1016 cognoscimus,
1771 944 1882 1016 quamn
1910 933 2008 996 studio

315 1057 469 1112 accusator
491 1050 660 1122 contendat,
685 1056 718 1111 ut
738 1051 780 1111 rei
796 1059 967 1130 argumenta
989 1067 1142 1130 perperam
1164 1049 1386 1130 interpretando
1409 1050 1643 1131 detorqueantur
1659 1056 1689 1110 et
1703 1047 1771 1110 luco
1787 1047 2007 1128 adsperguntur.

315 1162 392 1224 licus
416 1161 494 1223 enim
517 1162 639 1234 dixerat,
668 1170 813 1242 utsupra
836 1161 970 1242 pluribus
994 1161 1196 1242 exposuimus,
1229 1162 1285 1224 sibi
1308 1163 1426 1250 nullam,
1441 1163 1538 1226 caedis
1561 1161 1676 1242 culpam
1699 1159 1911 1240 imponendam
1936 1178 2008 1233 esse,

315 1273 394 1355 quod
416 1291 508 1336 senex
530 1273 622 1337 rixam
647 1293 770 1336 exorsus
793 1283 872 1336 esset
894 1284 982 1353 atque
1005 1275 1137 1336 medicus
1160 1275 1229 1336 laisa
1253 1293 1322 1336 cura
1337 1293 1441 1338 senem
1459 1274 1642 1339 tractavisset
1658 1274 1705 1351 (cl.
1721 1274 1743 1352 β
1758 1271 1777 1332 2
1794 1283 1824 1335 ει
1840 1273 1881 1348 3).
1915 1273 2010 1334 Accu·

316 1395 445 1449 satorem
468 1387 499 1448 in
522 1386 685 1469 decipiendi
708 1388 839 1449 studium
867 1386 961 1448 delabi
987 1387 1207 1464 intellegemus,
1237 1405 1304 1448 cum
1336 1386 1422 1448 verba
1452 1387 1744 1460 consideraverimus,
1776 1385 1884 1465 quibus
1905 1383 2010 1446 delen·

314 1499 405 1562 sionis
428 1507 515 1579 caput
537 1500 692 1579 repetitur:
729 1497 809 1575 rra
832 1499 906 1560 siras
929 1496 967 1561 dd
990 1499 1121 1582 πρῶτον
1141 1500 1211 1582 μέν,
1240 1497 1270 1560 εἰ
1296 1497 1351 1560 sal
1379 1497 1414 1561 da
1440 1499 1505 1564 τῶν
1527 1495 1661 1582 πληγῶν
1683 1493 1854 1560 ἀπέθανεν
1876 1491 1894 1560 ὁ
1916 1489 2007 1579 ἀνήρ,

315 1607 358 1686 ὥς
380 1605 437 1674 οὐκ
460 1606 652 1674 ἀπέκτεινεν
674 1603 785 1674 αὐτόν.
818 1611 922 1673 Nonne
945 1624 1049 1674 auctor
1070 1613 1104 1674 ad
1128 1613 1156 1674 id
1179 1612 1348 1693 pervenisse
1371 1612 1496 1686 videtur,
1521 1610 1617 1693 quoad
1640 1609 1777 1691 progredi
1793 1611 1890 1690 potnit
1912 1608 2009 1670 nebu-

316 1725 418 1786 lonum
443 1721 685 1805 vaniloquentia?
720 1723 760 1786 Ut
782 1732 880 1786 autem
904 1725 1060 1787 adversarii
1083 1725 1259 1788 deverticula
1283 1733 1312 1788 et
1335 1721 1475 1788 flexiones
1497 1724 1617 1797 refellat,
1641 1721 1804 1805 puerilibus
1826 1721 2008 1802 argumentis

315 1838 442 1900 declarat
464 1837 527 1898 lieri
550 1854 610 1898 non
633 1855 729 1917 posse,
758 1844 789 1897 ut
812 1854 901 1898 senor
923 1837 1037 1917 primus
1061 1837 1205 1917 impetum
1226 1837 1329 1900 lecerit
1343 1844 1439 1899 aetate
1454 1837 1619 1918 provectior
1635 1837 1752 1898 iuvene:
1778 1833 1858 1913 Tys
1880 1831 2009 1915 μάθετε

315 1947 355 2032 δὴ
377 1949 590 2031 πρῶτονμὲν
612 1943 663 2010 ὅτι
686 1945 783 2030 ἄρξαι
806 1947 861 2010 καὶ
884 1956 1059 2030 παροινεῖν
1088 1945 1164 2020 τούς
1191 1949 1366 2029 νεωτέρους
1390 1947 1455 2012 τοῖν
1480 1949 1710 2031 πρεσβυτέρων
1736 1943 1901 2029 εικότερόν
1926 1943 2008 2008 ἐστι.

316 2059 407 2137 Quid!
432 2079 532 2123 nonne
554 2061 619 2123 iure
642 2061 806 2140 meritoque
829 2061 984 2122 admiratio
1006 2077 1060 2122 nos
1083 2061 1170 2140 capit,
1193 2060 1271 2142 quod
1294 2071 1456 2134 accusator,
1480 2071 1513 2123 ut
1535 2060 1620 2122 verba
1644 2059 1808 2132 confirmet,
1831 2075 1892 2121 non
1912 2057 2008 2120 adfert

314 2174 498 2248 testimonia,
532 2173 663 2254 quaein
691 2173 872 2236 oratiuncula
900 2174 993 2254 prima
1022 2182 1137 2236 exstant
1165 2170 1299 2252 (Publi
1343 2173 1495 2236 Praeterea
1525 2173 1596 2235 baec
1624 2182 1795 2251 argumenta
1819 2191 1835 2233 e
1857 2171 1955 2232 Tisias
1978 2177 2008 2231 et

316 2287 437 2349 Coracis
459 2295 521 2348 arte
543 2285 688 2347 rhetorica
711 2286 813 2347 hausta
837 2305 899 2348 esse
920 2285 1055 2359 vidimus,
1079 2304 1155 2367 quae
1171 2287 1228 2347 boc
1242 2286 1307 2348 loco
1323 2287 1388 2347 sine
1405 2285 1460 2348 ulla
1478 2284 1691 2366 probabilitatis
1706 2285 1803 2364 specie
1818 2292 2007 2364 repetuntur.

315 2400 421 2462 Parum
439 2397 517 2459 enirn
536 2406 580 2458 εει
595 2397 732 2460 credibile
747 2399 857 2461 iudices
873 2399 1013 2478 quosdam
1027 2399 1187 2480 splendore
1199 2397 1356 2460 verborum
1367 2398 1493 2471 illorum,
1507 2416 1581 2478 qnae
1594 2397 1627 2458 ad
1642 2398 1800 2458 vanitatem
1814 2397 1904 2475 magis
1916 2414 2005 2476 quam

315 2513 350 2573 ad
368 2509 518 2573 veritatem
535 2509 689 2584 accedunt,
711 2509 929 2590 obstupefactos
946 2519 975 2572 et
990 2511 1071 2590 qnasi
1088 2510 1259 2572 obcaecatos
1276 2529 1337 2572 non
1353 2511 1544 2592 perspexisse,
1561 2527 1648 2591 quam
1665 2509 1856 2571 vehementer
1871 2527 1915 2580 ea,
1931 2527 2007 2588 quae

315 2630 465 2686 accusator
480 2623 632 2703 professus
648 2631 702 2696 est,
717 2641 733 2685 a
751 2623 872 2684 veritate
887 2623 1035 2684 recedant.
1066 2622 1253 2684 Debemusue
1269 2621 1387 2685 credere
1403 2623 1626 2702 Antiphontem,
1642 2622 1693 2703 qui
1709 2629 1769 2684 tam
1782 2621 1893 2703 peritus
1905 2611 2006 2684 rerum

316 2737 495 2806 forensium,
523 2743 584 2797 nm
614 2753 723 2814 gnarus
746 2753 851 2796 causae
872 2734 1001 2812 agendae
1023 2743 1095 2808 erat,
1119 2735 1191 2798 haec
1212 2735 1328 2796 infirma
1352 2741 1522 2814 argumenta
1550 2734 1724 2814 arripuisse,
1752 2744 1786 2796 ut
1806 2735 1928 2814 gloriam
1952 2734 2008 2796 sibi

316 2844 521 2928 compararet?
559 2846 761 2910 Possumusne
782 2847 924 2927 suspicari
947 2855 1105 2921 oratorem,
1128 2848 1179 2928 qui
1201 2849 1270 2910 alias
1292 2867 1334 2918 ea,
1358 2865 1434 2927 quae
1449 2847 1561 2908 occulta
1578 2855 1658 2918 sunt,
1681 2846 1852 2928 quaerendo
1866 2845 2008 2926 sagaciter

316 2959 490 3038 investigare
513 2959 617 3021 solitus
640 2968 694 3030 est,
718 2966 776 3020 tam
801 2969 912 3021 temere
933 2955 1146 3039 inquisivisse?
1183 2961 1241 3022 Sed
1264 2967 1416 3022 accusator
1439 2959 1565 3040 amplius
1588 2959 1691 3040 pergit,
1714 2965 1852 3019 atreum
1869 2960 2007 3021 consulto

316 3071 456 3134 occidisse
479 3070 673 3133 demonstrat:
721 3071 800 3146 syc
829 3071 859 3132 sl
886 3069 948 3152 γὰρ
971 3067 1007 3134 αἲ
1034 3081 1139 3154 χειρες
1165 3065 1187 3133 ἃ
1209 3069 1439 3154 διανοούμεθα
1462 3067 1586 3153 ἑκάστῳ
1609 3067 1701 3154 ἡμῶν
1723 3064 1961 3153 ὑπονργοῦσιν,
1988 3065 2007 3133 d

315 3183 376 3266 μὲν
402 3179 551 3257 πατάξας
578 3181 634 3246 καὶ
662 3179 707 3265 μὴ
735 3179 931 3257 ἀποκτείνας
958 3183 1014 3266 τῆς
1041 3183 1169 3268 πληγῆς
1190 3181 1365 3268 βουλευτὴς
1387 3181 1526 3260 ἐγένετο,
1557 3177 1635 3246 ὅδὲ
1657 3185 1855 3265 θανασίμοις
1876 3178 2009 3246 τύπτων

315 3295 374 3358 τοῦ
400 3291 562 3358 θανάτου.
612 3296 717 3358 Statim
745 3304 843 3359 autem
873 3299 1049 3360 sententiam
1081 3297 1112 3358 in
1139 3298 1223 3358 aliam
1249 3295 1376 3358 formam
1405 3297 1510 3377 redigit
1538 3305 1568 3358 et
1595 3315 1678 3357 reum
1710 3296 1814 3358 iecisse
1842 3295 2006 3375 profitetur,

316 3410 394 3490 quod
417 3409 448 3471 in
472 3408 569 3470 animo
591 3408 740 3471 babuerit:
764 3403 783 3471 o‘
806 3406 843 3472 dd
864 3405 964 3489 μειζοι
989 3402 1032 3471 ὦν
1053 3405 1154 3494 ἤθελε
1176 3405 1303 3490 πράξας
1323 3409 1363 3498 τῇ
1386 3405 1502 3471 ἑαυτοῦ
1524 3400 1645 3487 αἰοχιᾳ
1660 3404 1698 3472 ὃν
1714 3404 1772 3471 ode
1788 3403 1908 3490 ἢθελεν
1922 3403 2006 3468 ἀπέ-

317 3539 450 3584 κτεινεν.
493 3517 585 3593 Quid!
613 3538 714 3582 nonne
738 3521 781 3582 bis
805 3520 901 3583 verbis
924 3533 1123 3586 accusatorem
1148 3523 1310 3586 concedere
1333 3521 1523 3584 manifestum
1548 3532 1595 3584 est
1617 3540 1700 3584 reum
1724 3521 1842 3583 caedem
1864 3521 2004 3582 involun-

317 3633 418 3697 tariam
442 3630 648 3718 commisisset
692 3637 728 3694 dt
752 3643 850 3696 tamen
874 3634 946 3696 haec
973 3653 1026 3696 vox
1048 3653 1170 3715 prorsus
1192 3636 1335 3696 contraria
1364 3642 1408 3696 est
1438 3633 1627 3706 testimoniis,
1657 3651 1731 3714 qnae
1758 3635 1788 3695 in
1818 3633 1911 3715 prima
1939 3651 2006 3695 ora-

317 3745 447 3807 tiuncula
471 3749 504 3822 (α
520 3744 551 3820 6)
575 3755 726 3808 accusator
749 3745 882 3826 protulit,
909 3755 1001 3809 testea
1024 3747 1261 3809 adfirmaverunt.
1306 3747 1368 3821 Qua
1399 3766 1430 3808 re
1457 3754 1626 3808 commotus
1649 3755 1802 3809 accusator
1823 3746 1921 3807 subito
1945 3746 2007 3827 ipse

316 3857 474 3919 confitetur
501 3864 590 3919 testes
618 3857 724 3920 falsum
758 3859 962 3922 testimonium
988 3859 1127 3931 edidisse,
1161 3877 1193 3920 se
1220 3858 1322 3920 falsam
1350 3859 1565 3921 accusationem
1594 3854 1781 3938 instituisse?
1836 3858 1949 3933 Quibus
1976 3859 2006 3919 in

317 3969 412 4031 uerbis
442 3969 688 4050 interpretandis,
717 3989 894 4052 quamquam
919 3971 1081 4052 Philippius
1111 3989 1258 4034 summam
1286 3989 1387 4033 curam
1416 3971 1575 4052 impendit,
1605 3981 1701 4034 tamen
1730 3989 1798 4033 eum
1823 3990 1883 4034 non
1907 3971 2007 4034 omnia

317 4092 396 4143 recte
419 4081 599 4144 intellexisse
621 4093 693 4164 puto
723 4102 821 4164 neque
849 4085 920 4154 illis,
951 4093 984 4144 ut
1013 4095 1122 4148 tantam
1154 4084 1280 4147 tribuam
1310 4087 1345 4146 ad
1375 4083 1613 4165 persuadendum
1642 4084 1709 4157 vira,
1732 4091 1870 4165 quautam
1896 4083 1938 4145 vir
1959 4083 2006 4146 ille

317 4195 506 4256 doctissimus
529 4194 571 4256 eis
593 4193 690 4256 inesse
715 4195 788 4268 vult,
816 4215 831 4256 a
860 4215 905 4256 me
934 4197 1091 4277 impetrare
1117 4217 1251 4278 possum.
1296 4197 1458 4278 Pbilippius
1486 4196 1564 4259 enim
1592 4208 1625 4260 ut
1646 4198 1723 4260 banc
1745 4195 2005 4260 contradictionem

317 4305 507 4384 infringeret,
536 4307 615 4368 illam
647 4325 746 4368 vocem
775 4325 830 4387 pro
858 4308 1057 4388 superlatione
1079 4319 1109 4372 et
1132 4309 1303 4372 traiectione
1333 4309 1476 4373 rhetorica
1500 4309 1663 4372 habendam
1687 4328 1751 4372 esse
1774 4309 1890 4372 disertis
1913 4309 2007 4372 verbis

318 4419 480 4481 contendit.
524 4420 635 4493 Quodsi
659 4419 813 4482 artificium
835 4421 905 4482 illud
929 4421 1108 4484 rhetoricum
1131 4441 1189 4503 quo
1212 4422 1347 4495 efficitur,
1379 4431 1412 4483 ut
1434 4423 1626 4502 perspicuitas
1649 4423 1798 4484 relationis
1821 4422 2006 4492 obscuretur,

319 4552 335 4593 e
362 4531 488 4610 generali
519 4533 733 4594 sententiarum
763 4551 840 4595 nexu
868 4551 1070 4605 removemus,
1105 4533 1180 4595 hanc
1208 4541 1304 4596 extare
1333 4535 1621 4613 argumentationem
1659 4544 1755 4614 putat:
1791 4543 1890 4596 orator
1917 4537 2007 4598 voluit

318 4643 413 4704 dicere
436 4663 519 4706 reum
543 4644 687 4725 supplicio
710 4645 904 4709 adficiendum
928 4665 1005 4718 esse,
1036 4646 1147 4710 etiamsi
1171 4647 1337 4710 interficere
1365 4666 1424 4710 non
1446 4647 1477 4709 in
1500 4647 1630 4709 animum
1655 4645 1861 4727 induxisset1).
1906 4649 2007 4729 Neque

318 4774 385 4818 veru
409 4754 506 4817 videre
527 4774 663 4836 possum,
691 4776 750 4838 quo
772 4758 835 4821 loco
858 4759 933 4820 bane
954 4757 1131 4820 senteutiam
1155 4776 1230 4838 quae
1253 4777 1268 4820 a
1293 4759 1436 4841 Philippio
1459 4759 1553 4821 textui
1575 4758 1738 4819 vindicatur
1769 4759 1892 4822 dilucide
1915 4779 2006 4842 erpo·

453 4945 472 5002 ¹)
490 4944 610 5015 Philippi.
623 4949 640 4999 l.
654 4963 676 4999 c.
689 4965 711 5016 p.
725 4949 770 5000 aas
790 4947 836 4999 llio
854 4949 950 5000 letztea
967 4947 1054 5013 (Sdtae
1073 4948 1191 5010 betunen)
1205 4950 1237 4999 in
1256 4949 1399 5002 offenbaraa
1412 4949 1570 5016 Gageaaatae
1583 4965 1630 5000 aar
1644 4950 1690 5001 den
1707 4947 1794 5016 Eulolg
1806 4950 1852 5001 der
1865 4949 2006 5017 llaadluog,

318 5031 425 5084 sairdas
449 5032 494 5083 der
512 5033 665 5100 llaadeludo,
692 5036 754 5086 auch
778 5049 849 5086 avenn
872 5049 901 5086 ar
928 5036 998 5086 nieht
1024 5035 1136 5086 deutlich
1162 5036 1208 5086 der
1227 5035 1333 5088 Absicbt
1358 5037 1413 5088 sich
1439 5035 1550 5088 bewulst
1575 5051 1702 5100 genesen,
1731 5037 1770 5088 dle
1790 5037 2007 5104 Veruntvvcrtung

318 5125 407 5183 tragon
425 5119 517 5172 uniisse.
