4562 5568
995 311 1202 376 ..13-

246 479 385 569 ἀκριβῆ,
412 481 435 548 δ
449 483 469 548 8
495 475 608 569 ὀρθῶς
634 487 691 548 καί
720 484 874 561 δικαίως,
906 489 989 552 rau
1015 483 1109 574 ὕβρει
1136 489 1191 553 καί
1216 487 1396 571 ἀκολασίᾳ,
1427 494 1476 569 γί
1507 488 1570 564 ζάίν
1590 513 1626 554 τε
1647 491 1702 556 καὶ
1726 489 1867 574 βλέπων,
1895 492 1948 570 ro

245 593 418 681 ἀθέμιστα
444 595 501 660 καί
530 591 668 674 ἀνόσια,
698 596 721 663 δ
734 600 754 662 6
780 595 923 685 ὑβρίζων
951 601 1007 664 καί
1034 601 1212 686 παροινῶν.
1257 602 1426 684 Utrumque
1458 603 1631 668 vocabulum
1655 615 1792 685 negatur:
1835 605 1891 686 Αβ
1909 604 1947 666 tt

244 708 320 794 μηδ’
344 705 486 775 ἀνόσιον
507 705 581 794 μηδ’
604 707 754 794 αῑσχρδν,
784 710 840 776 δ3
864 707 903 775 οδ
924 710 1066 797 μηνυτὴς
1093 707 1163 777 οὐδ’
1185 711 1350 798 ίλεγκεὴρ,
1378 713 1432 778 dl
1461 710 1519 782 οὐκ
1541 714 1673 799 ἔλεγχον
1695 713 1772 782 οὐδὲ
1793 714 1949 798 βάσανον,

244 821 334 906 Ββ3
358 817 419 902 οὐχ
439 816 535 904 ὕβρει
557 817 636 886 οὐδὲ
658 817 836 904 ἀκολασία,
868 825 962 889 And
989 823 1064 891 οὔτε
1086 823 1225 902 δικαίως
1248 824 1323 892 οὔτε
1345 828 1621 913 συμφερόντωςῑ).
1666 830 1757 894 Aliter
1783 849 1815 893 se
1838 828 1950 893 babent

245 937 393 1019 exempla,
416 953 493 1017 quae
523 953 604 999 nunc
625 955 779 1000 enumero.
826 939 1006 1021 Saepissime
1032 941 1112 1004 enim
1143 942 1244 1004 eadem
1266 943 1414 1004 sententia
1437 944 1483 1006 bis
1506 954 1536 1005 et
1557 943 1740 1006 adfirmando
1763 953 1792 1007 et
1814 931 1951 1023 negando

245 1048 434 1131 exprimitur3
461 1049 542 1113 velut
568 1048 720 1142 particulis
750 1044 809 1114 οὐκ
831 1087 872 1096 -
894 1043 982 1115 ἀλλὰ
1007 1053 1170 1116 macanos
1199 1051 1338 1116 notiones
1365 1063 1575 1135 opponuntors
1605 1055 1697 1137 Λβ5
1726 1052 1796 1118 ἔστι
1826 1050 1864 1118 δὲ
1892 1049 1950 1119 oda

245 1153 399 1236 ἀπεικός,
421 1152 507 1222 ἀλλά
528 1154 629 1237 stata,
652 1159 708 1238 rii
731 1155 789 1226 οὔκ
811 1157 941 1226 diducet
964 1159 1049 1227 ἀλλὰ
1069 1161 1157 1228 πολὺ
1179 1160 1293 1248 μείζω,
1316 1162 1372 1229 δ8
1396 1160 1455 1230 οὐκ
1468 1164 1505 1228 ds
1519 1167 1584 1231 τῶν
1599 1163 1735 1231 είκόκων
1749 1161 1834 1230 ἀλλὰ
1849 1157 1947 1250 ἔργῳ,

248 1274 336 1351 Bru
357 1266 396 1336 οά
416 1271 480 1355 γὰρ
501 1265 644 1357 ἀφανής,
666 1267 752 1336 ἀλλὰ
773 1272 831 1336 καί
852 1271 929 1340 λίαν
951 1271 1105 1360 φανερδς,
1127 1278 1200 1354 γίί
1227 1271 1287 1357 οὐχ
1308 1271 1398 1354 ὅσια,
1423 1273 1508 1342 ἀλλὰ
1527 1273 1659 1356 ἀνόσια,
1686 1277 1762 1357 rra
1786 1272 1864 1342 οὐδὲ
1878 1286 1949 1352 τοῖς

249 1379 372 1459 αὐτοῖς,
406 1377 492 1448 ἀλλὰ
512 1393 584 1458 τοῖς
605 1381 868 1462 ίνανιιωτάιοις,
896 1385 951 1449 δ6
975 1382 1053 1451 οάδί
1074 1390 1235 1469 κρείσσων
1258 1387 1315 1466 οἷν,
1349 1385 1432 1453 ἀλλὰ
1453 1388 1540 1454 πολι)
1562 1385 1799 1474 ὑποδεέστερος
1827 1391 1880 1472 (cl.
1904 1393 1948 1466 B,

246 1496 315 1577 β3,
342 1502 402 1561 Aa
416 1497 450 1572 7,
473 1496 543 1578 β6,
565 1497 644 1578 74).
688 1497 790 1580 Neque
811 1497 977 1563 abhorrent
998 1500 1034 1562 ab
1057 1501 1103 1563 illa
1126 1501 1268 1572 dictione,
1300 1521 1375 1585 quae
1403 1503 1679 1585 deprehenduntur:
1717 1504 1807 1567 Bau
1830 1496 1946 1566 ἑκόντα

245 1605 306 1691 μὲν
327 1603 388 1673 οὖν
408 1603 467 1672 odat
488 1605 639 1674 δπικαλῶ
659 1606 870 1688 ἀποκτείναι,
894 1608 1015 1676 ἀκονεα
1036 1609 1086 1689 δέ,
1109 1613 1165 1692 rb
1187 1608 1353 1690 ἀκουσίως
1374 1614 1412 1680 dd
1435 1611 1495 1696 οὐχ
1515 1607 1620 1700 ἧσσον
1640 1613 1661 1701 ἢ
1683 1611 1841 1690 ἑκουσίως
1863 1609 1948 1678 ἀπί-

248 1741 383 1796 κτεικεν,
405 1721 460 1801 7⁷
483 1715 581 1786 addin
602 1716 707 1807 ἧσσον
721 1717 885 1800 ἀκουσίως
900 1721 921 1809 ἢ
936 1721 1095 1799 ἑκουσίως
1109 1723 1289 1811 βίαφθείς.
1326 1727 1490 1810 Singularis
1513 1739 1614 1793 autern
1637 1738 1683 1792 est
1699 1747 1771 1792 usus
1787 1727 1949 1810 particulae

246 1829 317 1904 καί,
346 1853 403 1916 qua
430 1835 505 1897 duae
531 1853 580 1898 ros
607 1836 830 1918 coniunguntur
856 1837 937 1919 prior
963 1839 1145 1902 adfirmative
1172 1840 1261 1902 altera
1288 1842 1436 1922 negative,
1465 1853 1498 1906 ut
1521 1842 1567 1906 bis
1589 1842 1691 1905 eadem
1716 1843 1777 1904 lere
1800 1841 1946 1903 sententia

246 1947 355 2010 evadat.
399 1946 456 2021 Qui
485 1967 558 2011 usus
584 1949 746 2031 tetralogiis
768 1951 925 2032 peculiaris
947 1959 1006 2014 est:
1038 1951 1130 2033 Λβ5
1153 1947 1366 2035 ἐσωφρόνουν
1387 1952 1444 2016 καὶ
1466 1949 1525 2017 eds
1546 1953 1733 2036 ἐμαίνοντο,
1760 1952 1818 2034 β8
1842 1946 1949 2037 φυλά-

244 2057 373 2133 ξασθαι
407 2059 466 2123 καί
487 2059 532 2145 μὴ
555 2063 827 2146 παραγενίσδαις
854 2064 908 2127 alia
930 2074 1033 2127 extant
1060 2067 1090 2128 in
1117 2067 1207 2149 β10;
1236 2065 1288 2138 13;
1315 2067 1385 2144 723
1407 2065 1442 2142 ὃς
1470 2067 1574 2148 Bam
1602 2067 1638 2142 53
1668 2067 1720 2141 123
1747 2069 1821 2144 7¹3
1854 2065 1892 2142 ὃς
1914 2064 1949 2140 93

248 2169 395 2250 ro;ot;
419 2172 870 2254 noncopante.
1648 2157 1650 2166 ’

389 2285 481 2349 blulto
504 2289 595 2368 magis
619 2288 775 2352 admiratio
796 2295 897 2352 nostra
918 2299 1064 2361 movetur,
1087 2293 1165 2371 quod
1181 2293 1212 2354 in
1238 2291 1399 2370 tetralogiis
1419 2291 1473 2354 loci
1494 2310 1669 2354 communes
1691 2292 1743 2374 qui
1765 2291 1949 2373 appellantur

245 2398 361 2478 aliaque
384 2399 524 2461 orationis
547 2409 722 2464 ornamenta
745 2411 941 2483 usurpantur,
967 2421 1043 2484 qoae
1071 2413 1131 2466 tarn
1160 2403 1260 2465 callide
1282 2403 1446 2485 composita
1468 2413 1554 2478 sunt,
1585 2415 1620 2469 ot
1641 2413 1792 2467 auctorem
1814 2405 1845 2467 ln
1867 2404 1948 2466 deci·

245 2510 345 2592 piendi
379 2511 514 2574 studium
548 2513 700 2594 delapsum
732 2532 798 2576 esse
831 2513 1006 2577 edoceantur
1032 2527 1122 2598 atque
1149 2516 1262 2580 mandis
1288 2516 1472 2596 astutiaeque
1499 2517 1627 2596 suspicio
1653 2518 1772 2580 oriatur.
1824 2515 1947 2579 Frustra

244 2631 342 2687 autem
371 2623 519 2705 quispiam
542 2633 678 2706 quaerat,
702 2642 792 2705 quam
815 2625 853 2688 ob
881 2645 943 2689 rem
968 2629 1025 2690 hoc
1052 2638 1159 2695 ornatu
1182 2629 1327 2711 exquisito
1350 2629 1568 2708 tetralogiarnm
1592 2649 1692 2692 sermo
1713 2629 1874 2692 illustratus
1898 2628 1947 2701 sit,

244 2737 294 2818 qui
317 2736 437 2818 quidem
459 2737 490 2798 in
512 2735 696 2800 orationibus
719 2739 859 2818 perlectis
880 2737 1085 2822 absolutisque
1108 2741 1276 2804 auditorum
1300 2740 1414 2802 animos
1437 2750 1536 2804 moret
1558 2741 1723 2824 adlicitque,
1745 2743 1776 2805 in
1800 2742 1857 2805 illis
1877 2760 1947 2804 vero

243 2847 517 2922 declamationibus,
542 2847 590 2910 ubi
613 2850 704 2912 multa
727 2857 758 2912 et
780 2848 876 2930 gravia
899 2849 1017 2914 brevius
1038 2871 1127 2934 quana
1151 2871 1226 2934 opus
1249 2863 1314 2916 erat
1335 2853 1467 2915 absoluta
1490 2865 1570 2929 sunt,
1598 2855 1684 2936 plane
1707 2871 1943 2937 supervacaneus

244 2961 369 3024 ridetur.
414 2960 487 3024 Nam
519 2961 599 3024 locos
627 2979 804 3025 communes
831 2980 937 3026 omnes
967 2963 1029 3026 lere
1056 2975 1189 3028 oratores
1216 2965 1273 3028 sihi
1300 2966 1510 3048 conscripsisse
1537 2977 1567 3028 et
1597 2966 1742 3040 didicisse,
1775 2965 1883 3047 quibus
1910 2967 1945 3027 ad

247 3073 375 3154 singulas
397 3074 546 3137 orationes
568 3073 720 3137 habendas
744 3083 907 3149 uterentur,
931 3093 1021 3138 nemo
1045 3085 1091 3139 eat
1111 3077 1164 3159 qui
1179 3077 1306 3153 nesciam
1328 3080 1538 3160 unnsquisque
1553 3079 1680 3160 scriptor
1696 3079 1780 3142 facile
1796 3079 1826 3141 in
1843 3097 1945 3141 eorum

250 3185 431 3250 mentionem
454 3187 572 3258 incidit,
602 3187 782 3268 simulatque
809 3188 923 3250 occasio
946 3188 1012 3250 data
1039 3197 1093 3250 est
1140 3189 1171 3251 ln
1195 3191 1355 3270 tetralogiis
1379 3192 1522 3272 scriptum
1545 3191 1726 3255 invenimus:
1768 3193 1858 3274 Λβ1
1883 3190 1948 3254 τῶν

248 3297 312 3380 μὲν
343 3296 404 3380 γὰρ
434 3294 542 3363 ἄλλων
575 3295 609 3364 oi
635 3297 866 3378 δυςτυχοῦνεες
894 3291 1023 3364 δπδκαν
1055 3297 1117 3383 μὲν
1146 3297 1213 3366 ὑπὸ
1240 3301 1401 3385 χειμῶνος
1430 3305 1596 3381 πονῶσιν,
1631 3299 1746 3378 εὐδίας
1771 3303 1947 3386 recept-uqa

244 3405 424 3473 παίονται·
448 3405 528 3475 ὅταν
550 3408 588 3474 δὲ
610 3409 807 3495 νυσήσωσιν,
830 3407 937 3490 ἀνιείς
958 3410 1132 3496 γενόμενοι
1156 3411 1330 3493 σώζονται,
1357 3415 1440 3480 rat
1463 3411 1482 3480 ai
1502 3439 1538 3480 cs
1558 3415 1622 3500 reip
1645 3414 1726 3491 θεὸς
1747 3412 1947 3500 βουλόμενος

243 3524 386 3609 ποιῆσαι
407 3522 445 3588 εδ
469 3519 689 3609 ἀνθρώπινον
710 3523 828 3610 φῦλον,
855 3523 931 3600 τοὺς
953 3523 1103 3609 πρώτους
1124 3527 1317 3610 γενομένους
1342 3527 1463 3613 ε”φυσεν
1485 3525 1587 3614 ἡμῶν,
1622 3531 1765 3613 τροφέας
1788 3553 1822 3592 cs
1845 3531 1947 3612 παρί-

241 3634 327 3701 δωκε
348 3635 409 3721 τὴν
430 3637 491 3722 γῆν
512 3635 570 3701 καὶ
589 3638 649 3724 τὴν
669 3635 866 3720 θυίίκκσσανς
888 3640 947 3703 hnc
968 3641 1096 3722 pertinet
1122 3645 1179 3706 Λα
1195 3639 1228 3719 33
1250 3642 1344 3717 α10;
1366 3642 1454 3723 β11.

383 3751 490 3814 Omnia
522 3753 619 3834 igitur,
654 3753 690 3816 de
721 3753 829 3834 quibus
867 3753 1095 3834 disputavimus.
1146 3755 1246 3817 animo
1280 3753 1368 3818 nobis
1402 3756 1607 3837 reputantibus
1643 3773 1701 3818 non
1736 3755 1844 3818 mirum
1878 3755 1944 3828 erit,

242 3863 268 3924 si
291 3865 357 3944 qnis
380 3875 511 3946 quaerat,
534 3883 623 3946 quam
646 3868 777 3928 tructam
803 3866 876 3930 baec
902 3869 1049 3932 sermonis
1076 3881 1253 3934 ornamenta
1282 3871 1415 3933 adierant
1441 3871 1645 3943 oratiunculis,
1679 3871 1787 3953 quibus
1814 3879 1945 3932 tantum·

244 3976 331 4038 modo
355 3993 490 4039 summae
512 3995 561 4040 res
582 3977 786 4059 attinguntur;
815 3997 891 4059 quaa
914 3981 1013 4043 omnia
1037 3981 1109 4044 milri
1132 3983 1269 4046 videntur
1291 4003 1357 4046 esse
1377 3983 1520 4057 adbibita,
1551 3992 1583 4046 ut
1605 3993 1708 4047 auctor
1730 3983 1944 4065 cogitationum

243 4097 273 4150 et
293 4089 509 4152 sententiarum
532 4091 675 4153 vanitates
698 4090 804 4154 melius
826 4101 983 4172 contegere
1004 4095 1109 4175 possit.

385 4201 523 4276 Quamvis
551 4204 590 4276 ei,
619 4203 669 4284 qui
694 4203 915 4284 tetralogiarurn
943 4204 1164 4270 institutionem
1193 4205 1319 4268 summis
1346 4206 1481 4271 laudibus
1505 4208 1690 4282 extulerunt,
1720 4208 1799 4271 inter
1828 4209 1944 4271 illarum

243 4313 410 4378 orationum
434 4324 463 4376 et
485 4315 603 4395 quintae
625 4327 782 4398 sextaeque
806 4317 1004 4380 elocutionem
1027 4318 1136 4399 aliquid
1159 4318 1339 4382 discriminis
1361 4339 1425 4382 esse
1452 4320 1666 4396 concesserint,
1696 4328 1793 4383 tamen
1817 4321 1946 4384 blassius

243 4423 299 4489 boc
321 4429 521 4491 excusandum
545 4437 630 4511 putat
651 4439 740 4511 atque
763 4429 799 4491 de
820 4431 877 4491 alio
899 4438 1021 4492 auctore
1042 4431 1232 4510 cogitandum
1255 4449 1316 4493 non
1339 4451 1406 4495 esse
1429 4432 1547 4495 disertis
1569 4433 1665 4495 verbis
1688 4434 1838 4506 adfirmat,
1865 4435 1945 4514 quod
2005 4503 2007 4508 ,

242 4540 411 4620 tetralogiae
433 4560 449 4602 a
470 4541 585 4604 selectis
608 4551 725 4603 tanturn
748 4541 1012 4625 perlegerentur').
1050 4543 1107 4617 Qui
1130 4553 1203 4606 sunt
1224 4542 1346 4608 selectii
1382 4545 1465 4608 Haud
1489 4546 1579 4609 dubie
1593 4545 1786 4626 Antiphontis
1809 4547 1944 4628 discipuli

243 4660 273 4713 et
298 4651 456 4714 auditores.
508 4655 566 4716 Sed
595 4665 673 4716 certa
701 4655 816 4717 ratione
845 4655 1044 4718 demonstrari
1071 4675 1134 4719 non
1161 4665 1275 4737 potest,
1308 4674 1382 4720 num
1412 4658 1541 4740 llntipbo
1569 4659 1755 4739 disciplinam
1787 4660 1943 4734 oratoriam

242 4763 365 4826 iuvenes
393 4764 528 4829 docuerit
561 4775 590 4828 et
617 4767 741 4830 omnino
774 4767 890 4830 scholas
920 4769 1119 4849 sophistarum
1149 4787 1233 4832 more
1261 4770 1406 4834 habuerit.
1456 4772 1609 4835 Praeterea
1637 4789 1725 4851 quam
1754 4771 1792 4834 ob
1821 4789 1884 4834 rem
1912 4773 1944 4833 in

377 5025 399 5095 ¹)
416 5027 548 5080 lllnamodl
561 5030 685 5097 exempla,
697 5043 762 5097 qnae
773 5027 800 5081 ia
813 5031 974 5084 orationibus
985 5031 1095 5100 reliquls
1107 5033 1280 5101 reperiantur,
1294 5033 1407 5102 lloppina
1419 5034 1538 5100 collegit,
1549 5031 1581 5087 el.
1592 5033 1743 5102 llatipboat
1755 5033 1858 5103 specim.
1871 5051 1892 5102 p.
1902 5035 1945 5093 50.

379 5113 400 5180 ¹)
418 5115 466 5168 uta
482 5121 530 5167 att
549 5115 709 5169 beredunk.
728 5113 747 5182 l,
759 5133 782 5184 p.
797 5116 853 5170 ltt.
