4562 5568
1064 305 1283 372 ..10-

326 485 514 556 Pausaniasll
542 486 651 548 Tisiam
686 503 754 546 oum
791 483 894 562 Gorgia
922 483 1051 546 Athenas
1088 483 1203 545 venisse
1236 490 1347 554 narrat,
1380 489 1414 544 nt
1444 483 1582 544 auxilinm
1617 502 1669 563 pro
1700 482 1853 547 Leontinis
1885 492 2023 564 peterent

325 596 382 672 (01.
402 597 576 668 lxxxxix,
594 596 634 674 2).
680 597 738 660 Sed
762 596 1031 676 quomodocunque
1053 615 1101 657 res
1134 615 1200 657 sese
1222 595 1320 662 hahet,
1355 595 1385 657 in
1407 595 1578 682 universum
1602 595 1792 656 statuendum
1817 597 1902 666 nohis
1926 606 1971 658 est
1992 597 2022 658 ixr

325 709 487 788 tetralogiis
509 709 625 770 infirma
650 718 764 771 tantum
787 717 838 771 aut
860 709 983 770 omnino
1010 708 1089 770 nuilla
1120 707 1226 770 indicia
1254 707 1363 778 inesse,
1394 707 1501 787 quihus
1531 715 1659 786 tempus,
1687 725 1747 787 qno
1771 726 1822 769 eae
1845 709 1903 770 sint
1926 709 2023 770 divul-

324 829 416 898 gatae.
439 821 534 900 aliqua
557 838 622 882 oum
648 820 852 899 probabilitate
875 819 991 882 deliniri
1008 819 1108 899 possit.
1147 819 1185 880 Ut
1200 829 1297 884 antem
1315 837 1410 880 meam
1427 819 1596 899 opinionem
1614 819 1800 900 complectar,
1823 821 1870 881 illa
1886 821 2023 893 narmtio,

325 951 412 1012 qnam
431 932 605 994 Plutarchus
630 932 789 995 memoriae
811 931 941 1000 tradidit,
965 932 1074 994 nullius
1097 933 1238 994 momenti
1262 931 1377 994 videtur
1400 951 1478 1002 esses
1501 932 1600 1010 potius
1623 933 1653 993 in
1676 932 1844 994 fabellarum
1862 951 2021 994 numerum

325 1044 490 1123 recipienda
515 1053 568 1112 est.
594 1063 627 1106 ex
652 1064 708 1124 qua
732 1044 859 1107 fortasse
875 1045 1072 1123 cognoscitur,
1095 1063 1170 1124 quae
1186 1055 1356 1124 argumenta
1372 1045 1521 1125 sophistae
1540 1045 1658 1106 Periclis
1673 1045 1776 1106 aetatis
1798 1053 1924 1106 tractare
1944 1046 2022 1107 soliti

324 1156 384 1217 sint
407 1165 436 1218 et
458 1175 515 1236 qua
537 1157 665 1230 rationc;
698 1165 785 1236 atque
808 1176 823 1216 a
848 1157 1005 1219 Plutarcho
1033 1157 1080 1218 illa
1109 1156 1205 1219 labala
1236 1158 1383 1238 copiosius
1410 1157 1548 1236 explicata
1572 1165 1625 1226 cst,
1661 1165 1694 1218 ut
1726 1167 1835 1236 quanta
1868 1157 2023 1237 sagacitate

326 1268 451 1331 Pericles
476 1267 719 1349 philosophorum
745 1289 825 1330 more
848 1287 882 1331 ac
905 1269 1018 1332 ratione
1041 1269 1192 1346 ingenium
1216 1287 1302 1332 suum
1326 1270 1438 1331 acuerit
1460 1269 1588 1347 penitius
1611 1269 1815 1348 perspiciatur.

435 1355 438 1360 Ι
464 1381 663 1442 Transeamus
687 1399 768 1442 nunc
782 1381 817 1442 ad
834 1360 956 1442 alteram
973 1381 1143 1460 opinionem
1160 1401 1249 1460 quana
1266 1383 1487 1462 expendendam
1505 1381 1698 1459 sumpsimus,
1722 1399 1849 1460 nupera
1866 1382 2022 1460 Spengelio

324 1493 513 1571 disceptatum
538 1495 589 1555 sed
612 1494 690 1554 nulla
714 1493 785 1554 dum
810 1492 955 1571 probabili
979 1494 1093 1555 ratione
1116 1495 1291 1572 expeditam.
1334 1493 1362 1554 ls
1378 1494 1456 1556 enirn
1473 1494 1640 1572 ‘tetralogias
1655 1495 1869 1573 Antiphonteas
1885 1495 1910 1554 ci
1927 1493 2023 1556 libello

323 1605 450 1666 insertas
473 1623 538 1666 csse
559 1605 702 1682 sagaciter
724 1603 890 1681 coniecit¹),
914 1603 965 1683 qui
988 1606 1099 1682 τέχναι
1123 1601 1293 1686 ῥητορικαὶ
1315 1605 1495 1678 inscribitur,
1531 1614 1562 1668 ut
1584 1606 1636 1674 cis,
1670 1606 1721 1685 qui
1744 1606 1774 1666 in
1804 1607 1859 1666 hoo
1881 1607 2023 1686 opusculo

323 1716 436 1777 labores
459 1717 610 1778 aestualia
634 1717 818 1786 collocarent,
852 1715 983 1795 exempla
1006 1717 1040 1778 ad
1065 1717 1242 1778 imitandum
1267 1727 1515 1798 proponerentur,
1549 1725 1650 1799 postea
1673 1729 1770 1780 antem
1800 1718 1869 1779 inde
1897 1728 2024 1781 resectas

324 1847 398 1888 esse.
443 1828 521 1890 'lalia
545 1828 620 1888 lacta
645 1845 709 1888 esse
732 1828 798 1888 licet
821 1829 866 1888 alii
888 1828 944 1889 sihi
967 1830 1174 1908 persuadeant,
1196 1848 1249 1907 ego
1272 1840 1305 1892 ut
1327 1831 1445 1892 credam
1470 1849 1528 1892 uon
1551 1831 1666 1892 faciles
1682 1849 1731 1890 mc
1748 1829 1921 1920 impetrabo,
1944 1833 2022 1910 quod

323 1941 468 2020 Spengelii
493 1941 634 2002 sententia
659 1950 739 2003 certo
763 1939 957 2002 fundamento
980 1951 1067 2012 caret,
1091 1943 1262 2021 praesertim
1286 1961 1353 2006 eum
1378 1943 1425 2004 illo
1448 1942 1491 2004 vir
1518 1943 1621 2004 doctus
1655 1943 1742 2002 xndlis
1773 1943 1869 2002 verbis
1898 1943 2023 2034 damon-

323 2053 467 2124 straverit‚
498 2072 584 2132 quarn
609 2052 646 2112 ob
669 2070 731 2112 rem
755 2052 821 2113 illae
843 2053 1043 2128 oratiunculae
1066 2072 1103 2114 ex
1124 2063 1186 2116 arlo
1210 2056 1354 2116 rhetorica
1375 2063 1528 2133 excerptae
1551 2056 1613 2116 sint
1635 2064 1685 2116 ant
1708 2072 1764 2133 qua
1787 2062 1890 2126 aetate,
1925 2071 2023 2134 neque

323 2167 415 2224 ullium
438 2175 519 2226 extet
541 2165 800 2241 grammaticorum
824 2164 1038 2238 testimonium,
1072 2184 1131 2245 quo
1154 2175 1232 2227 certa
1256 2167 1369 2228 ratione
1393 2167 1539 2228 evincitur
1561 2167 1638 2228 illam
1662 2167 1831 2245 opinionem
1866 2185 1931 2228 esse
1953 2185 2023 2245 pro-

322 2275 458 2337 bandam.
503 2278 583 2352 Quae
606 2295 673 2336 cum
696 2277 734 2337 ita
763 2295 830 2336 sese
863 2278 997 2340 habeant.
1034 2278 1125 2338 nihilo
1155 2279 1255 2339 minus
1287 2278 1461 2358 llayserus³l
1489 2279 1640 2358 Spengelii
1668 2278 1866 2340 coniecturam
1901 2279 2024 2338 summis

323 2389 458 2451 laudibus
481 2389 592 2451 extulit.
638 2389 695 2448 Sed
719 2387 816 2450 adhuc
833 2389 946 2450 nemini
962 2390 1031 2450 dum
1048 2389 1178 2450 virorum
1196 2390 1363 2461 doctorum,
1386 2399 1529 2471 quantum
1552 2392 1622 2459 scio,
1646 2391 1777 2468 contigit,
1801 2399 1833 2452 nt
1848 2391 1911 2450 aliis
1926 2390 2026 2469 aliqua,

322 2521 356 2562 ex
380 2510 462 2580 parte
485 2505 623 2580 probaret
644 2500 679 2562 ab
695 2501 875 2579 Antiphonte
892 2501 1076 2562 llhamnnsio
1100 2510 1193 2563 artem
1222 2503 1380 2564 oratoriam
1410 2521 1473 2574 esse
1504 2503 1688 2580 divulgatam.
1733 2501 1874 2563 Nonnulli
1900 2503 2021 2582 quidem

322 2623 436 2675 ueteres
458 2613 616 2694 scriptores
640 2622 670 2675 ct
691 2612 871 2674 Graecorum
894 2615 1144 2690 cenomanorum
1168 2615 1197 2675 in
1222 2615 1366 2676 eiusmodi
1383 2616 1482 2694 operis
1499 2615 1534 2676 ab
1551 2613 1732 2693 Antiphonte
1754 2615 1823 2676 editi
1840 2614 2020 2676 mentionem

321 2726 536 2800 inciderunt⁴la
560 2743 627 2786 oum
651 2743 719 2786 vero
742 2725 800 2784 iam
825 2723 927 2786 Pollux
950 2725 1019 2786 illud
1044 2726 1177 2807 spurium
1195 2727 1447 2807 existimaveritl),
1471 2736 1530 2788 tota
1554 2727 1685 2806 quaestio
1701 2727 1731 2788 in
1749 2727 1871 2787 dubium
1889 2735 2022 2789 revocata

324 2836 409 2911 σοι’).
454 2837 565 2909 Quodsi
588 2836 715 2898 Pollucis
738 2837 907 2899 testimonio
931 2837 1064 2914 neglecto
1087 2839 1211 2901 aliorum
1233 2840 1410 2918 scriptorum
1434 2839 1575 2900 iudicium
1598 2838 1751 2918 sequimur
1777 2847 1807 2900 et
1833 2847 1925 2900 artem
1953 2856 2020 2899 ora·

324 2952 429 3013 teriam
454 2947 627 3027 Antiphonti
650 2948 748 3011 deberi
772 2948 972 3018 concedimus,
995 2968 1063 3011 cnm
1086 2949 1163 3011 illius
1187 2951 1297 3018 aetatis,
1320 2970 1377 3031 qua
1401 2951 1529 3032 Antipho
1552 2951 1660 3024 floruit,
1684 2969 1789 3010 omnes
1812 2953 1875 3010 lere
1890 2957 2019 3010 oratores

324 3061 476 3124 clarissimi
501 3059 685 3139 eloquentiae
707 3068 858 3141 praecepta
882 3061 986 3122 litteris
1008 3059 1148 3122 mandare
1172 3061 1248 3123 soliti
1265 3063 1332 3136 sint,
1355 3062 1446 3124 nihilo
1462 3063 1559 3124 secius
1576 3061 1722 3142 Spengelii
1739 3063 1905 3124 coniectura
1928 3069 2019 3124 tetra-

265 3237 276 3258 ,
323 3176 413 3248 logias
435 3174 490 3234 arti
512 3173 676 3235 rhetoricae
698 3173 824 3235 insertas
847 3173 940 3235 luisse
963 3175 1042 3236 nulla
1064 3192 1097 3235 ro
1119 3175 1310 3238 confirmatur
1333 3184 1422 3256 atquc
1444 3173 1559 3236 difficile
1584 3183 1627 3236 est
1656 3174 1746 3246 dictu,
1781 3193 1836 3254 qua
1867 3176 1902 3236 de
1932 3193 2017 3236 causa

323 3298 373 3349 ant
395 3286 503 3366 quibus
525 3285 708 3364 temporibus
732 3304 782 3346 cae
804 3286 874 3346 inde
896 3293 1026 3347 resectae
1049 3294 1079 3347 et
1106 3286 1137 3347 in
1166 3288 1332 3349 orationum
1361 3286 1529 3366 capitalium
1562 3303 1687 3348 numero
1721 3287 1835 3366 positae
1863 3287 1930 3348 sint.
1975 3286 2018 3348 hd

323 3401 399 3462 hanc
421 3397 609 3460 dubitationis
632 3415 749 3459 oausam
773 3415 883 3459 noxum
906 3407 1112 3476 argumentum
1129 3399 1408 3472 accelerandorum
1434 3419 1491 3478 qno
1508 3399 1656 3478 Spengelii
1676 3400 1823 3460 sententia
1840 3399 2020 3478 prodigatur.

323 3508 530 3588 hmnxoniusl)
552 3510 630 3570 enirn
653 3509 853 3592 fragmentum
878 3529 913 3570 ex
935 3510 1124 3591 Antiphontis
1148 3519 1211 3572 arte
1234 3487 1359 3572 oratoria
1384 3512 1521 3573 haustum
1546 3511 1708 3572 memoriae
1737 3510 1872 3584 tradidit3
1906 3519 2021 3572 enarrat

321 3635 418 3687 antem
441 3631 588 3684 oratorem
611 3623 641 3683 in
664 3629 727 3683 arte
750 3622 885 3683 docuisse
908 3621 1029 3684 verbum
1053 3631 1191 3705 σημεῖον
1213 3623 1247 3682 ad
1271 3625 1435 3703 praeterita,
1458 3620 1633 3704 τεκμήριον
1655 3622 1690 3682 ad
1715 3622 1813 3683 lotura
1832 3624 2017 3685 referendum

322 3757 396 3798 esse.
441 3735 498 3796 Sed
521 3733 737 3813 tetralogiarum
762 3742 911 3796 auctorem
937 3735 1067 3810 regulam
1090 3735 1167 3797 illam
1192 3753 1251 3796 non
1275 3754 1339 3797 esse
1361 3742 1497 3796 seculum
1520 3734 1628 3796 clarius
1656 3735 1721 3796 luce
1749 3735 1955 3812 cognoscimus
1985 3753 2020 3795 ex

321 3848 416 3912 verbis
430 3846 598 3924 tetralogias
609 3846 711 3908 tertiae
722 3842 785 3922 (ro
792 3844 824 3918 2)
838 3839 855 3908 ὁ
867 3843 928 3926 μέν
940 3839 997 3907 οὖν
1004 3841 1132 3908 διώκων
1143 3840 1200 3909 οὐκ
1208 3842 1313 3908 εἰκόσι
1323 3848 1509 3928 τεκμηρίοις
1515 3841 1682 3928 χροίμτνος
1690 3840 2022 3925 τοῦτοντὸνᾶρξαντά

320 3976 406 4046 φησι
427 3957 549 4046 alred).
595 3957 695 4038 ltaque
717 3958 885 4037 tetralogias
907 3958 960 4020 arti
984 3958 1148 4036 rhetoricae
1171 3977 1231 4020 nou
1254 3960 1380 4021 insertas
1403 3958 1497 4020 inisse
1520 3958 1687 4020 necessario
1715 3958 1906 4020 statuendum
1935 3957 2018 4018 nohis

324 4095 533 4108 ...ι’-οη·-

452 4157 598 4221 1)1)ιιιτιο.
618 4155 658 4218 vl,
681 4157 736 4222 1⁵1,ss
755 4155 786 4208 cl.
807 4157 886 4216 blase,
905 4158 945 4208 die
965 4159 1019 4209 att.
1039 4157 1097 4210 liar.
1119 4157 1158 4222 1²,
1172 4159 1201 4212 21

453 4244 473 4304 ²)
492 4242 644 4311 Συνογοιγη
662 4243 770 4310 τεχνῶν.
790 4260 812 4311 p.
835 4243 881 4294 119
893 4259 931 4310 aq.

453 4327 809 4394 3ιιιιιοῑιι.11ιιι.1111221.

453 4419 474 4480 ⁴)
493 4416 600 4482 Quintil
620 4413 694 4478 1111,
713 4419 750 4467 11.
788 4414 1015 4481 Longindcinx.
1035 4414 1111 4466 Wala
1129 4414 1173 4475 lx,
1188 4415 1245 4465 57n,
1266 4415 1425 4482 Pseudoplnl.
1448 4415 1476 4466 V
1494 4415 1522 4466 Α.
1537 4413 1629 4466 satu.

451 4505 473 4564 ⁵)
491 4503 578 4554 Ouonr.
599 4499 714 4562 111,113ι
740 4491 924 4568 ἀπαρασκεύῳ
947 4499 977 4554 ἒν
996 4503 1052 4558 τοῖς
1070 4503 1134 4572 περὶ
1162 4498 1293 4566 ἀληθείας
1309 4497 1443 4570 Ἀνιιψῶν
1465 4499 1550 4566 εἶπεν,
1578 4492 1820 4572 ιέιταρασιιεύιιστον
1847 4495 1877 4550 δὲ
1904 4495 1933 4550 έν
1959 4501 2018 4556 ταῖς

318 4593 470 4668 ῥητορικοῖς
487 4591 606 4656 τέχναις·
626 4586 736 4638 δοκουσι
753 4581 812 4638 δὀὐ
830 4577 946 4654 γνήσιοι.

450 4677 472 4740 ⁶)
508 4675 629 4726 llohanus
643 4673 668 4732 11
682 4689 704 4722 c.
719 4672 736 4736 l,
749 4674 780 4723 25
794 4673 1020 4740 aqldxllicnltatcs
1036 4673 1131 4724 tollere
1144 4680 1249 4724 conatus
1267 4681 1315 4734 eal,
1336 4674 1399 4738 qnod
1414 4673 1493 4724 verba
1507 4673 1571 4725 dcx
1574 4665 1696 4746 υσιι1ὀιῖ
1715 4681 1824 4764 χιησιοι
1836 4677 1895 4737 post
1913 4671 2017 4722 verbnm

318 4765 393 4818 alnao
410 4765 489 4830 ponit
510 4767 537 4811 nt
557 4761 633 4811 lectio
658 4759 712 4809 ilat:
733 4749 918 4828 duupcoseuqr
935 4757 964 4811 ἐν
981 4761 1036 4815 τοῖς
1053 4761 1117 4828 πτρ1
1135 4753 1265 4824 αληθεέιις
1280 4756 1413 4828 Ἀντιφῶν
1431 4757 1519 4810 alneu·
1547 4739 1660 4809 δοκοῦσι
1680 4750 1739 4807 t’ol
1763 4770 1879 4822 χνησιοι.
1904 4749 2015 4822 ἄπορα-

318 4843 466 4904 σκιὺαοτον
484 4847 511 4900 δὲ
531 4845 560 4898 ἐι·
579 4848 636 4902 ταῖς
653 4844 808 4917 ρητοριιιαῖς
825 4848 937 4914 τέχναις.
974 4845 1043 4910 Quae
1061 4847 1208 4897 coniectura
1226 4847 1289 4898 adh
1293 4863 1340 4897 ane
1359 4861 1410 4896 rem
1429 4846 1616 4910 expendendam
1635 4859 1682 4894 non
1703 4844 1806 4894 multum
1826 4843 1904 4896 valet

450 4937 469 4996 ll
489 4951 513 4984 v.
541 4934 663 4999 σημεῖον·
691 4933 804 4999 σημεῖον
830 4933 875 4982 καὶ
901 4925 1046 5004 τεκμήριον
1072 4931 1195 5002 διαφέρει
1221 4929 1355 5000 Ἀντιηῶν
1382 4929 1412 4981 ἓν
1438 4928 1470 5000 τῇ
1496 4928 1651 5002 τέχνη·ιά
1682 4932 1864 5001 παρῳχημένα
1892 4931 2018 4994 σημείοις

315 5023 496 5083 πιστοῦσθαι,
516 5016 549 5068 τὰ
568 5016 596 5068 dl
615 5019 715 5086 peloro
743 5022 913 5090 τεκμηρίοις.

449 5109 471 5174 ⁸)
489 5105 620 5158 invenitur
637 5107 749 5174 σημεῖον
765 5107 847 5170 Λρὅ,
859 5123 878 5173 y
891 5105 914 5155 8.
939 5105 978 5171 Γγ
991 5103 1015 5168 3,
1033 5099 1180 5174 τεκμήριον
1196 5100 1244 5154 Ad
1257 5103 1297 5154 10.
1318 5101 1357 5154 13
1367 5103 1395 5168 23
1408 5103 1432 5153 3.
1530 5173 1533 5181 Α
