4562 5568
974 309 1186 378 ...15-

226 495 345 560 disertis
367 493 466 556 verbis
488 492 748 564 confirmaverunt,
783 493 840 554 ulla
872 490 1086 573 approbatione
1116 507 1215 554 cerere
1248 490 1448 570 cognovimus,
1481 509 1555 552 num
1577 490 1607 552 in
1641 491 1835 554 oratiunculis
1858 492 1929 572 ipsis

225 607 349 685 uestigia
372 604 517 696 quaedam
541 603 813 684 deprehendantur,
847 621 882 664 ex
911 603 1017 684 quibus
1050 603 1200 666 belsarium
1235 601 1299 666 illas
1333 602 1541 683 conscripsisse
1573 611 1662 684 atque
1694 602 1750 666 sub
1782 605 1930 685 praeclaro

225 719 419 799 Antiphontis
443 717 564 779 nomine
592 717 720 778 edidisse
746 725 892 796 appareat,
925 716 1089 778 accuratius
1117 716 1255 794 indagare
1283 733 1365 778 nunc
1396 733 1504 794 operae
1537 717 1664 795 pretium
1700 715 1771 777 mibi
1804 717 1928 778 videtur.

225 831 377 915 Imprimis
400 839 506 892 autem.
524 830 561 891 de
583 828 686 890 ordine
707 829 834 890 iudiciali
862 836 891 888 et
919 826 955 889 de
987 827 1111 906 legibus,
1146 845 1222 907 quae
1255 827 1285 888 in
1320 827 1483 906 tetralogiis
1517 837 1627 899 ettam,
1660 828 1810 910 copiosius
1843 829 1930 890 nobis

227 944 433 1008 disserendum
454 953 489 1004 ,et
510 942 725 1023 exquirendum
748 947 801 1012 est,
836 950 937 1002 utrum
962 939 1026 1000 illae
1049 956 1116 1000 cum
1141 940 1237 1018 legum
1267 940 1438 1019 praeceptis,
1474 958 1549 1021 quae
1572 939 1684 1001 sivein
1708 939 1803 1002 titulis
1827 941 1930 1002 Atticis

228 1059 289 1121 sire
312 1058 390 1138 apud
412 1065 544 1118 oratores
566 1055 698 1134 aliosque
720 1055 880 1132 scriptores
910 1054 1109 1122 inveniuntur.
1145 1052 1175 1113 in
1201 1051 1368 1114 universum
1392 1062 1557 1130 congruant
1579 1071 1682 1114 necne.
1729 1053 1760 1114 si
1791 1053 1870 1115 enim
1900 1055 1930 1114 in

229 1170 390 1248 tetralogiis
412 1187 456 1238 ea,
479 1187 555 1249 quae
570 1169 606 1228 ad
622 1184 725 1229 causas
741 1167 873 1246 publicas
888 1167 1049 1246 portinent,
1072 1165 1290 1227 accuratissime
1307 1184 1373 1228 cum
1390 1167 1493 1228 ordine
1513 1166 1650 1238 iudiciali,
1672 1165 1723 1246 qui
1739 1167 1931 1247 Antiphontis

232 1281 413 1362 temporibus
436 1279 560 1343 Athenis
581 1278 706 1358 rigebat.
730 1279 900 1357 conspirare
923 1295 1180 1357 cognosceremus,
1204 1295 1305 1340 rerum
1330 1278 1493 1341 lorensiuru
1517 1279 1651 1359 peritiam
1672 1297 1707 1341 ac
1723 1280 1931 1358 cognitionem,

235 1415 288 1475 qua
310 1394 531 1471 tetralogiarum
555 1403 658 1454 auctor
680 1391 803 1470 insignis
825 1391 890 1462 luit,
913 1391 1046 1470 proxime
1069 1391 1104 1452 ab
1129 1391 1169 1452 eis
1192 1389 1305 1461 abesse,
1329 1409 1405 1470 quae
1428 1391 1464 1451 de
1486 1391 1677 1470 Antiphontis
1700 1410 1789 1471 opera
1818 1404 1847 1455 et
1875 1411 1931 1455 usu

233 1507 344 1570 lorensi
367 1505 470 1568 tradita
492 1514 574 1575 suut,
606 1506 671 1566 iure
693 1504 861 1582 meritoque
883 1503 1036 1566 latendum
1067 1503 1152 1564 nobis
1180 1515 1270 1564 esset.
1315 1503 1397 1576 Quae
1424 1522 1471 1566 res
1500 1504 1595 1584 aliqua
1631 1522 1664 1563 aa
1699 1511 1782 1583 parte
1814 1491 1931 1567 illorum
1981 1499 1982 1504 ’

231 1619 410 1684 sententiam
433 1626 625 1685 sustentaret,
648 1615 699 1696 qui
722 1615 872 1676 orationes
893 1616 929 1677 ab
952 1615 1134 1695 Antiphonte
1157 1616 1338 1694 conscriptas
1362 1635 1426 1678 esse
1449 1617 1678 1678 contenderunt.
1724 1615 1796 1678 Nam
1819 1636 1885 1679 cum
1903 1619 1933 1679 in

230 1730 402 1807 tetralogiis‚
424 1730 489 1790 sive
511 1729 547 1790 ad
570 1727 781 1808 discipulorum
806 1745 892 1789 usum
917 1728 977 1789 sive
999 1727 1036 1787 ab
1059 1727 1242 1808 Antiphonte
1263 1729 1399 1807 propriae
1415 1729 1635 1790 exercitationis
1650 1747 1736 1789 causat
1754 1731 1934 1810 compositae

232 1852 314 1915 sunt,
337 1843 485 1904 eiusmodi
509 1850 680 1921 argumenta
703 1840 762 1902 sint
784 1839 932 1921 explicata,
966 1840 1061 1920 qualia
1085 1841 1116 1900 in
1138 1839 1196 1902 vita
1219 1840 1348 1901 bumana
1371 1841 1479 1902 cotidie
1502 1841 1632 1902 accidere
1661 1850 1809 1920 poterant,
1842 1852 1877 1903 ut
1898 1861 1934 1904 ex

231 1955 288 2016 illis
310 1954 505 2016 oratiunculis
527 1953 634 2033 aliquid
660 1952 795 2015 utilitatis
818 1963 980 2032 caperetur,
1003 1969 1053 2012 eas
1074 1952 1164 2031 leges,
1187 1963 1349 2032 quactum
1373 1953 1496 2014 Athenis
1514 1953 1658 2030 vigebant,
1682 1953 1811 2032 integras
1825 1955 1934 2033 respici

232 2068 435 2134 necessarium
459 2076 530 2128 erat
576 2065 713 2150 Fortasse
735 2064 881 2147 quispiam
906 2064 1012 2126 dixerit
1033 2063 1108 2124 hanc
1130 2064 1335 2126 condicionem
1360 2084 1425 2126 esse
1447 2083 1709 2145 supervacaneam,
1743 2083 1809 2126 cum
1842 2075 1933 2127 tetra·
2044 2075 2047 2084 '

232 2180 379 2258 logiarum
402 2179 525 2248 auctori,
547 2178 627 2258 quod
652 2195 712 2238 uon
736 2177 771 2238 ad
797 2195 883 2238 usum
906 2180 1056 2238 forensem
1081 2176 1174 2237 tarne
1197 2185 1291 2247 erant,
1319 2195 1419 2239 rerum
1443 2177 1623 2242 iudicialium
1646 2152 1721 2238 ratio
1744 2177 1824 2239 nulla
1846 2179 1935 2239 luerit

233 2291 368 2353 habenda
390 2291 421 2355 in
444 2290 714 2362 declamationibus,
748 2289 856 2368 quibus
879 2307 926 2352 ars
949 2288 1119 2350 inveniendi
1149 2297 1178 2349 et
1207 2289 1402 2351 concludendi
1431 2307 1493 2351 uon
1528 2290 1625 2351 minus
1653 2308 1740 2370 quam
1769 2288 1935 2351 volubilitas

236 2413 325 2484 atque
347 2403 390 2466 ris
413 2403 648 2482 delegendorum
665 2401 822 2464 adversarii
839 2419 973 2467 errorum
992 2409 1189 2462 exerceretur.
1233 2402 1344 2475 Quodsi
1362 2402 1433 2462 baec
1448 2411 1529 2463 recto
1544 2402 1604 2464 talo
1620 2410 1743 2480 starent,
1767 2402 1935 2476 tetralogiae

235 2519 330 2578 multo
354 2515 477 2578 minoris
500 2533 589 2595 quam
612 2515 678 2576 illae
700 2514 900 2596 sophistarum
926 2513 1142 2593 disputationes
1164 2514 1306 2594 temporis
1322 2513 1495 2593 posterioris
1511 2515 1710 2575 aestimandae
1725 2522 1832 2586 essent,
1854 2515 1935 2594 quod

235 2629 337 2691 multis
360 2629 423 2691 aliis
445 2629 533 2690 rebus
556 2627 674 2690 omissis
698 2627 755 2690 ulla
778 2637 841 2690 arte
863 2627 989 2689 oratoria
1006 2636 1041 2704 et
1063 2626 1209 2689 sermonis
1236 2626 1377 2704 elegantia
1404 2634 1514 2688 carent.
1559 2625 1624 2688 an
1648 2625 1768 2700 accedit,
1799 2627 1877 2707 quod
1905 2627 1936 2688 in

234 2740 396 2819 tetralogiis
417 2757 477 2802 non
500 2741 590 2803 modo
613 2759 712 2803 rerum
735 2747 884 2818 gestarum
912 2740 1039 2802 narratio
1070 2756 1192 2820 prorsus
1219 2738 1301 2800 deest
1333 2740 1384 2801 sed
1419 2739 1506 2801 etiam
1541 2749 1713 2817 argumenta
1747 2738 1846 2801 omnia
1879 2739 1936 2801 alia

235 2853 360 2914 strictim
384 2853 593 2916 tantummodo
616 2852 788 2919 adumbrata
812 2861 893 2924 sunt,
916 2852 954 2913 ita
978 2861 1021 2924 ut,
1044 2870 1101 2932 qua
1125 2851 1168 2912 via
1191 2869 1225 2913 ac
1246 2851 1361 2914 ratione
1383 2860 1486 2913 auctor
1508 2869 1626 2914 causam
1649 2851 1822 2924 instituerit,
1849 2870 1937 2931 saepe

235 2967 281 3027 rix
304 2967 462 3047 quisquam
487 2966 611 3028 dilucide
635 2983 811 3045 cognoscere
826 2965 928 3044 possit.
973 2964 1203 3042 Tetralogiarum
1228 2973 1327 3025 autem
1344 2973 1496 3026 auctorem
1512 2963 1660 3025 orationes
1683 2964 1746 3025 ibas
1768 2964 1828 3026 boc
1849 2965 1938 3026 modo

240 3080 452 3158 composuisse,
475 3091 509 3138 ut
530 3078 676 3140 iustarum
700 3078 870 3140 orationum
893 3075 1083 3146 iudicialium,
1106 3093 1180 3154 quoe
1204 3093 1258 3154 pro
1280 3073 1420 3138 tribunali
1444 3075 1637 3146 habebantur,
1660 3076 1789 3157 speciem
1813 3095 1884 3155 prae
1906 3097 1938 3139 se

243 3186 364 3260 terrent,
385 3207 450 3252 curu
474 3208 511 3251 ex
532 3191 598 3252 aliis
622 3190 722 3251 multis
744 3188 839 3250 causis
861 3196 925 3250 tum
949 3206 985 3248 ex
1007 3204 1040 3247 ea
1062 3205 1095 3248 re
1119 3196 1198 3249 certa
1214 3185 1395 3267 probabilire
1411 3189 1525 3250 ratione
1542 3189 1623 3249 cerni
1640 3197 1746 3269 potest,
1767 3190 1846 3270 quod
1863 3189 1938 3252 duae

244 3299 391 3380 apologiae
413 3320 473 3378 reo,
496 3302 588 3364 actori
610 3301 684 3364 duae
706 3301 809 3364 itidem
833 3300 1031 3362 accusatoriae
1053 3298 1201 3360 orationes
1224 3299 1310 3360 datae
1331 3309 1416 3375 sunt3
1439 3302 1561 3362 Athenis
1584 3301 1662 3363 enim
1686 3303 1715 3363 in
1735 3301 1832 3364 caedis
1848 3303 1938 3365 actio-

241 3413 329 3474 nibus
350 3421 436 3495 atque
458 3415 488 3476 in
513 3415 663 3477 nonnullis
685 3414 748 3477 aliis
771 3413 886 3488 iudiciis
911 3423 941 3476 ot
963 3411 1055 3474 actori
1077 3422 1107 3473 et
1139 3431 1189 3472 reo
1222 3412 1381 3492 perorandi
1412 3412 1457 3474 bis
1485 3421 1617 3495 potestas
1639 3414 1753 3476 solebat
1774 3415 1938 3484 concedilt.

238 3525 313 3590 Tum
337 3526 365 3589 iu
390 3530 476 3590 tertia
498 3526 651 3605 tetralogia
673 3535 776 3588 auctor
798 3543 893 3594 reum,
918 3525 1089 3606 priusquam
1112 3525 1207 3586 oratio
1224 3533 1375 3605 postrema
1398 3525 1497 3588 habita
1514 3535 1577 3588 crat
1592 3537 1621 3586 et
1636 3527 1746 3588 iudices
1762 3527 1938 3590 sententiam

236 3641 498 3718 proclamaverant,
523 3639 687 3701 voluntario
710 3637 796 3700 exilio
818 3638 892 3700 urbe
916 3637 1077 3700 excessisse
1099 3636 1192 3716 lingit,
1216 3637 1245 3697 id
1268 3638 1347 3716 quod
1370 3638 1418 3699 lex
1433 3637 1528 3701 Attica
1551 3656 1602 3701 reo
1626 3639 1769 3719 permisit,
1793 3640 1851 3701 nisi
1873 3639 1940 3719 quis

238 3758 353 3830 patrem
378 3752 567 3828 occideret¹).
611 3753 707 3832 Atque
730 3752 817 3813 etiam
841 3751 1015 3823 identidem,
1037 3759 1071 3812 ut
1086 3751 1117 3810 in
1132 3750 1323 3818 orationihus.
1347 3769 1422 3831 quae
1445 3769 1543 3812 coram
1566 3752 1712 3814 iudicibus
1727 3751 1843 3814 habitae
1859 3763 1938 3826 sunt,

235 3861 348 3925 iudices
371 3864 426 3944 ipsi
449 3865 681 3944 compellantur:
709 3864 766 3941 Λβ
786 3861 822 3924 13
847 3857 872 3924 ὦ
895 3857 1011 3942 ἄνδρες
1032 3861 1098 3924 τῶν
1119 3863 1281 3942 μεγίστων
1304 3861 1414 3944 κριταί
1436 3865 1492 3924 καί
1507 3860 1636 3944 supro„
1659 3863 1745 3942 Βγ3
1773 3859 1799 3927 ὦ
1825 3861 1941 3947 ἄνδρες

238 3967 384 4038 ἀνοσίων
406 3971 510 4057 ἔργων
531 3976 685 4056 τιμωροί,
708 3970 809 4037 ὁσίων
832 3969 869 4036 δὲ
892 3969 1130 4050 διαγνωμονες;
1164 3977 1218 4036 Βα
1246 3975 1258 4034 l
1284 3967 1309 4036 ol
1341 3969 1458 4055 ἄνδρες
1489 3971 1645 4053 πολίταις
1679 3971 1793 4054 βίω
1826 3975 1942 4061 ἄνδρες

239 4082 405 4148 δικασταί.
452 4088 562 4149 lleinde
584 4096 687 4150 auctor
710 4104 923 4167 saepenumero
946 4085 1185 4147 testimoniorum
1210 4085 1391 4148 mentionem
1415 4085 1493 4160 facit,
1517 4087 1624 4168 quibus
1647 4088 1754 4150 veritas
1781 4091 1942 4152 sententiae

238 4199 369 4277 prolatae
391 4199 600 4280 perspiciatur:
627 4201 657 4260 Γ
653 4221 675 4260 α
698 4200 716 4259 t
739 4199 803 4261 τῶν
825 4195 863 4259 δὲ
878 4193 1049 4280 μαρτύρων
1064 4191 1238 4282 ἀκηκόατε,
1266 4201 1303 4260 ol
1316 4199 1471 4280 παρῆσαν
1495 4201 1711 4282 παροινοῦντι
1727 4194 1833 4284 αὕσῷγ
1859 4201 1889 4263 Γ
1884 4199 1940 4263 d3

240 4305 273 4373 οἳ
294 4307 357 4391 γὰρ
379 4311 539 4397 μάρτυρες
561 4308 678 4404 τοῦτον
697 4324 806 4403 μασιν
828 4305 926 4392 ἄρξαι
948 4311 1006 4394 τῆς
1029 4306 1154 4392 πληγῆς
1159 4336 1170 4386 ,·
1205 4306 1226 4371 d
1247 4309 1267 4372 8
1290 4304 1328 4372 οὐ
1349 4307 1412 4392 γὰρ
1434 4305 1501 4374 ὑπὸ
1523 4312 1589 4374 τῶν
1617 4309 1751 4394 πληγῶν
1778 4307 1847 4376 ἀλλ’
1874 4308 1941 4377 ὑπὸ

241 4535 377 4598 homines
400 4546 685 4607 commemorantur,
707 4536 756 4616 qui
780 4534 927 4596 interlecti
950 4533 1039 4597 rerba
1061 4541 1214 4615 repetunt:
1241 4541 1300 4599 Aa
1322 4533 1341 4594 9
1365 4530 1437 4608 ἑνὸς
1467 4531 1505 4596 dd
1530 4536 1588 4599 ccii
1615 4530 1807 4600 ἀκολούθου
1834 4558 1942 4620 παρα-

240 4735 453 4758 -ιι-ιφ-ί-υ-ι-

348 4905 352 4912 .
371 4865 396 4931 J)
413 4866 494 4918 bleier
510 4881 535 4915 n.
556 4865 701 4926 Sabbatum
720 4861 771 4914 Der
788 4861 897 4913 attloehe
916 4859 1030 4923 Proteus,
1048 4873 1098 4910 neu
1117 4861 1201 4912 boarb.
1221 4859 1272 4912 rod
1289 4860 1400 4929 Lipsius.
1438 4863 1503 4914 herl.
1523 4861 1616 4918 188317
1636 4878 1660 4930 p.
1679 4862 1737 4914 924.

375 4950 396 5018 ²)
414 4953 572 5007 Demosthen.
591 4953 618 5002 iu
632 4950 785 5002 Aristocrat.
803 4946 862 5017 §69
880 4949 918 5016 τῷ
936 4945 966 5000 δὲ
984 4937 1114 5014 φεύγοντα.
1126 4944 1163 4998 mi
1180 4946 1297 5015 padernis
1314 4946 1467 5016 διωμοσίας
1483 4941 1576 5010 seriari,
1595 4945 1643 4999 τὸν
1659 4940 1833 5022 πρότερονδ·
1846 4935 1948 5012 ἔξεστιν

241 5028 351 5096 εἰπόντα
370 5034 454 5107 λόγον
470 5038 645 5105 μεταστῆναι,
662 5039 708 5088 καί
725 5033 784 5089 οὔθ’
805 5034 821 5089 ὁ
840 5026 946 5086 διώκων
964 5028 1027 5087 odo’
1045 5032 1072 5086 ot
1090 5029 1242 5093 δικάζοντες
1259 5029 1316 5086 οὔτ’
1329 5030 1411 5093 ἄλλος
1428 5032 1586 5108 ἀνθρώπων
1604 5029 1693 5094 οὐδεὶς
1709 5027 1799 5108 ια’·ριος
1817 5039 1946 5093 κωλῦσαι,

242 5123 275 5176 cl.
294 5123 386 5177 Pollu
404 5123 492 5176 Ortona.
513 5121 577 5189 Vlll,
597 5125 653 5178 117.
689 5125 794 5191 Autipb.
812 5123 843 5175 de
862 5122 956 5175 Herod.
975 5117 1087 5186 caede}
1108 5119 1147 5172 1³.
