4562 5568
1002 315 1202 382 ...5-

251 524 381 587 animum
405 522 509 586 induxi
534 521 673 585 nonnulla
698 521 733 584 de
769 541 801 584 ea
834 540 868 585 re
902 525 1034 604 prolerre
1069 524 1212 604 novisque
1242 522 1422 602 argumentis
1442 540 1553 584 eorum
1585 519 1735 592 iudicium,
1769 520 1864 599 quoad
1888 505 1952 582 lieri

252 647 357 718 potest,
393 638 577 700 confirmare.
623 636 719 716 Atque
753 619 1000 710 dissertatioitent,
1035 656 1122 717 quant
1146 649 1212 698 sum
1236 636 1410 716 scripturus,
1443 635 1482 696 ita
1505 633 1667 718 instituam,
1703 641 1735 694 ut
1757 651 1810 712 ego
1833 633 1951 713 quidem

251 751 443 831 primum-de
465 751 598 812 virorum
623 749 788 822 sententiis,
818 750 867 830 qui
890 749 1055 836 tetralogias
1079 749 1270 829 Antiphontis
1294 766 1404 810 nonten
1422 747 1534 828 optimo
1552 748 1615 807 iure
1630 746 1709 808 ferre
1725 745 1953 819 contenderunt,

253 863 402 944 inquiram
427 869 456 923 et
478 861 662 941 redarguam,
686 861 792 923 deinde
816 862 852 923 de
875 862 980 924 ordine
1003 862 1142 934 iudiciali,
1174 861 1223 942 qui
1246 862 1276 924 in
1299 861 1355 922 illis
1379 858 1572 924 oratiunculis
1596 858 1843 938 deprehenditur,
1858 855 1953 954 fusius
2040 837 2045 846 ¹

254 975 436 1054 disseram).
481 976 531 1038 llis
554 975 645 1054 igitur
668 975 837 1056 praemissis
859 975 916 1037 iarn
941 975 977 1037 ad
1000 975 1113 1054 singula
1138 973 1265 1038 transire
1287 973 1365 1036 licet.

397 1431 589 1511 Antiphontis
612 1431 719 1512 scripta
744 1431 835 1510 magis
859 1430 1013 1510 magisque
1037 1431 1067 1492 in
1091 1431 1269 1493 oblivionem
1297 1429 1413 1492 venisse
1437 1439 1525 1510 atque
1541 1429 1720 1492 clarissimos
1738 1429 1803 1492 illos
1819 1429 1869 1510 qui
1886 1449 1954 1492 eum

256 1545 350 1608 secuti
375 1553 446 1606 sunt
469 1556 601 1607 oratores
623 1543 654 1604 in
678 1544 788 1606 deliciis
812 1543 950 1606 habuisse
973 1554 1086 1607 veteres
1109 1563 1167 1606 non
1192 1563 1258 1606 esse
1287 1543 1394 1606 mirum
1422 1543 1543 1614 videtur,
1571 1561 1638 1604 cum
1662 1543 1760 1604 animo
1782 1549 1954 1622 reputamus

252 1676 310 1719 non
336 1658 422 1719 modo
447 1667 582 1738 tempora
605 1666 634 1718 et
664 1675 762 1718 mores
789 1657 841 1718 scd
872 1659 957 1720 etiam
984 1669 1115 1720 veterum
1138 1657 1279 1719 iudicium
1305 1656 1443 1737 paulatim
1473 1662 1690 1718 commutatum
1727 1673 1853 1736 moxque
1886 1655 1953 1717 illud

253 1782 403 1834 austerum
428 1755 544 1832 dicendi
567 1788 658 1850 genus
681 1772 850 1849 neglectum
875 1792 942 1834 esso
965 1792 1024 1853 quo
1048 1792 1121 1836 usus
1144 1782 1189 1834 est
1211 1771 1352 1852 Antipho,
1375 1769 1454 1849 quod
1478 1768 1618 1830 obsoletis
1645 1765 1740 1828 verbis
1764 1774 1794 1829 et
1815 1769 1956 1846 gravitate

255 1883 398 1970 dictionis
416 1902 477 1945 non
500 1901 565 1945 raro
588 1882 783 1945 obscuritates
807 1884 941 1948 exhibuit
963 1887 1133 1949 hominibus
1160 1884 1384 1948 recentioribus.
1431 1881 1644 1963 Antiphontem
1668 1890 1767 1944 autem
1792 1882 1855 1943 suis
1880 1892 1954 1944 tem·

256 1995 375 2076 poribus
397 2013 458 2056 non
481 1995 577 2056 solum
602 2003 663 2057 arte
686 1996 812 2057 oratoria
836 2016 935 2058 rerum
960 1999 1048 2060 etiam
1072 1999 1172 2060 multis
1195 1999 1259 2060 aliis
1283 1983 1441 2059 virtutibus
1465 1995 1620 2057 maximam
1644 1994 1764 2074 gloriam
1789 1994 1845 2057 sihi
1868 2013 1955 2075 para-

256 2109 331 2170 visse
356 2126 391 2168 ex
412 2106 618 2190 Thucydidis')
650 2107 746 2169 serbis
770 2108 895 2170 dilucide
919 2111 1048 2191 adparet.
1094 2110 1178 2184 Quod
1203 2109 1376 2192 posterioris
1410 2109 1513 2170 aetatis
1531 2107 1632 2170 critici
1663 2127 1724 2170 non
1752 2126 1857 2169 omnes
1884 2125 1956 2170 con·

256 2220 399 2283 sentiunt.
446 2219 600 2299 [lionyeius
630 2219 708 2280 enim
737 2221 1012 2296 halicarnassensis,
1048 2224 1097 2304 qui
1127 2224 1191 2286 eius
1223 2223 1404 2285 mentionem
1439 2221 1517 2293 lacit,
1551 2219 1581 2282 in
1618 2221 1787 2284 universum
1820 2221 1957 2283 laudibus

257 2335 380 2412 dignum
415 2349 476 2393 non
509 2339 609 2411 putat,
644 2331 757 2410 singula
792 2343 890 2394 autem
925 2336 1049 2416 scripta,
1069 2355 1165 2417 neque
1198 2335 1367 2418 percensuit
1405 2354 1502 2414 neque
1541 2333 1719 2397 nominatim
1758 2335 1956 2396 enumerarit.

256 2444 426 2507 accuratius
442 2433 584 2507 Caecilius
602 2445 776 2518 Calactinus,
798 2447 847 2526 qui
867 2449 1078 2528 Antiphontem
1103 2449 1230 2530 primum
1254 2450 1355 2510 decern
1383 2457 1534 2509 oratorum
1552 2446 1716 2508 Atticorum
1741 2447 1792 2526 qui
1818 2445 1957 2508 dicuntur

255 2557 398 2629 nominat,
422 2557 485 2619 eius
508 2557 658 2620 orationes
682 2568 712 2618 et
734 2557 849 2620 dicendi
873 2561 1018 2622 rationem
1044 2569 1183 2624 tractasse
1201 2561 1336 2634 traditur,
1360 2579 1428 2622 cunt
1444 2568 1474 2620 et
1491 2577 1630 2638 magnum
1647 2559 1682 2620 de
1699 2559 1838 2621 omnibus
1855 2559 1956 2620 decem

254 2670 421 2732 oratoribus
444 2669 546 2731 Atticis
569 2689 642 2750 opus
671 2679 700 2731 et
730 2670 906 2749 singularem
936 2673 973 2733 de
1000 2673 1180 2753 Antiphonte
1214 2673 1441 2754 disputationem
1476 2670 1713 2752 composueritl).
1758 2673 1957 2734 Vehementer

255 2796 352 2848 autem
377 2793 423 2844 est
445 2760 605 2844 dolendum
630 2801 665 2844 ex
688 2783 744 2844 illis
767 2783 891 2856 iudiciis,
914 2802 1042 2864 quorum
1065 2786 1191 2866 plurima
1214 2795 1273 2849 tam
1297 2795 1431 2848 accurate
1447 2794 1476 2846 et
1491 2784 1610 2846 subtilia
1626 2792 1736 2858 estam,
1761 2761 1956 2849 minutissima

255 2907 369 2960 tantum
398 2897 560 2976 fragmenta
590 2895 674 2957 nobis
708 2895 807 2958 relicta
831 2897 932 2978 esse4).
978 2901 1073 2979 Atque
1107 2899 1195 2960 etiam
1223 2898 1425 2977 Hermogenes
1460 2897 1589 2959 breviter
1624 2907 1738 2960 tantum
1767 2897 1958 2978 Antiphontis

255 3011 426 3090 gravitatem
458 3009 557 3072 laudat
593 3027 689 3090 neque
727 3011 856 3089 singulas
890 3010 1039 3073 orationes
1072 3021 1235 3073 enumerat.
1292 3009 1431 3083 Quamvis
1465 3011 1555 3090 igitur
1589 3010 1661 3072 haec
1692 3009 1799 3072 iudicia
1832 3011 1867 3072 ab
1901 3010 1958 3072 illis

259 3123 436 3202 sapientibus
459 3123 528 3185 viris
551 3121 628 3184 edita
650 3123 715 3184 iure
739 3122 835 3199 magni
860 3123 1054 3184 aestimentur
1077 3143 1174 3204 neque
1197 3123 1231 3184 ad
1254 3123 1469 3202 Antiphontem
1499 3131 1580 3185 recte
1606 3122 1827 3185 diiudicandum
1856 3124 1958 3202 negle-

262 3234 358 3314 genda
381 3237 452 3306 sint,
475 3244 571 3296 tamen
595 3255 630 3296 ex
652 3235 693 3297 eis
717 3235 853 3297 concludi
878 3252 937 3295 non
959 3242 1066 3314 potest,
1084 3245 1183 3297 utrum
1200 3255 1252 3297 eae
1268 3236 1426 3308 orationes,
1450 3255 1524 3316 quae
1542 3255 1621 3298 nunc
1636 3235 1829 3316 Antiphontis
1846 3253 1958 3298 nomen

261 3348 369 3420 lerunt,
385 3349 528 3427 genuinae
543 3350 602 3412 sint
618 3368 721 3411 necne.
755 3349 873 3410 llaioris
889 3349 1034 3412 momenti
1050 3350 1083 3410 ad
1102 3348 1178 3410 hanc
1194 3351 1397 3430 quaestionem
1415 3350 1638 3430 disceptandam
1653 3369 1668 3410 a
1685 3349 1882 3430 grammaticis
1898 3349 1958 3411 sire

257 3461 471 3543 lexicographis
490 3463 637 3525 veteribus
652 3463 767 3542 singula
785 3461 871 3524 rerba
888 3481 921 3522 ex
938 3462 1119 3524 orationibus
1136 3473 1270 3544 excerpta
1286 3472 1356 3525 sunt
1368 3463 1506 3543 putanda.
1542 3463 1664 3526 Etiamsi
1676 3462 1740 3524 illos
1752 3463 1958 3542 grammaticos

255 3574 285 3634 in
311 3575 450 3654 operibus
473 3576 689 3656 componendis
712 3575 886 3656 saepissime
903 3576 1046 3638 erravisse
1068 3595 1163 3657 neque
1180 3596 1246 3638 raro
1263 3595 1414 3657 perversas
1432 3577 1614 3654 minimeque
1629 3575 1707 3636 inter
1723 3595 1755 3636 se
1771 3575 1959 3637 concinentes

257 3687 460 3750 adnotationes
484 3708 518 3750 ort
541 3689 665 3766 singulis
688 3687 806 3768 scriptis
829 3687 1029 3768 desumpsisse
1053 3691 1150 3769 negari
1167 3709 1228 3752 non
1246 3700 1351 3771 potest,
1369 3699 1467 3752 tamen
1489 3689 1667 3752 credendum
1685 3687 1770 3750 nobis
1787 3698 1841 3761 est,
1865 3689 1959 3751 donec

258 3800 400 3862 sententia
425 3810 523 3862 nostra
547 3800 609 3862 aliis
632 3801 726 3864 causis
749 3800 842 3862 allatis
864 3799 1023 3872 relellatur,
1047 3821 1098 3862 eos
1114 3802 1290 3882 scriptorum
1309 3801 1408 3871 libros,
1432 3821 1558 3882 quorum
1576 3802 1696 3862 nomina
1711 3801 1842 3874 tradunt,
1866 3801 1958 3864 oculis

261 3911 365 3974 vidisse
400 3921 429 3974 et
463 3913 628 3994 perlegisse.
683 3912 827 3975 Nonnulla
858 3912 1006 3985 vocabula,
1040 3932 1115 3994 quae
1144 3914 1174 3975 in
1205 3915 1363 3993 tetralogiis
1391 3924 1499 3986 entant,
1535 3914 1694 3976 memoriae
1727 3913 1894 3994 produntur
1922 3913 1958 3976 ab

256 4025 329 4087 lulio
353 4024 480 4098 Polluce,
504 4043 614 4088 nomen
639 4035 738 4089 autern
763 4024 982 4103 tetralogiarum
1007 4027 1159 4089 reticetur:
1184 4027 1291 4089 Onom.
1307 4028 1342 4101 ll,
1362 4027 1399 4089 13
1422 4023 1571 4109 γηραιός,
1600 4021 1643 4099 ὠς
1668 4023 1876 4109 Θουκυδίδης
1902 4026 1958 4088 καὶ

252 4131 416 4221 Ἀντιφῶν
438 4138 602 4219 (invenitur
625 4141 678 4220 Ββ
693 4140 740 4200 11.
760 4139 808 4200 Γα
824 4138 871 4210 2);
895 4137 1000 4200 Onom.
1017 4139 1052 4212 ll,
1071 4139 1129 4199 tte
1146 4134 1620 4223 ἀπολογήσασθαιἈντιφῶν
1634 4135 1672 4200 δὲ
1687 4138 1743 4200 καὶ
1760 4133 1957 4223 ἀπελογήθη

257 4248 332 4330 (Ay
349 4252 383 4325 13
406 4248 471 4313 d3.
503 4254 556 4328 By
571 4251 599 4312 2.
630 4251 675 4329 Γγ
696 4251 728 4332 1)
735 4279 745 4328 ‚·
771 4250 879 4314 Onom.
902 4251 975 4324 Vlll,
996 4250 1033 4311 21
1059 4243 1246 4335 ἐπιτίμημα
1268 4247 1323 4314 καὶ
1346 4249 1388 4327 ὠς
1410 4248 1573 4334 Ἀντιφῶν
1595 4248 1767 4333 ἐπιτίμιον
1791 4253 1854 4332 (Γα
1870 4257 1903 4324 4;
1920 4253 1958 4329 6,·

256 4362 336 4442 β3,·
360 4358 440 4444 dl).
484 4362 562 4427 'lum
587 4363 777 4446 Harpocratio
801 4365 885 4426 verba
910 4366 1054 4444 quaedam
1077 4385 1093 4425 e
1117 4366 1277 4445 tetralogiis
1301 4367 1407 4440 hausit,
1424 4365 1460 4428 cf.
1478 4385 1503 4426 ι.
1520 4361 1861 4448 ἀναγιγνωσκόμενος·
1884 4360 1958 4429 ἀντὶ

255 4475 314 4538 τοῦ
335 4469 608 4559 ἀναπειθόμενος
626 4471 789 4560 Ἀντιφῶν
812 4478 885 4556 (All
902 4475 947 4558 t),
972 4496 997 4538 v.
1022 4473 1173 4554 ἁγνεύετε
1195 4475 1252 4561 τήν
1274 4471 1384 4542 πόλιν.
1424 4473 1587 4563 Ἀντιφῶν
1613 4473 1648 4543 ἐν
1674 4479 1720 4564 τῷ
1741 4474 1771 4560 β’
1799 4473 1871 4543 ἀντὶ
1899 4479 1977 4542 τοῦλ

392 4701 412 4766 ¹)
431 4702 467 4754 tte
486 4706 610 4756 sermonis
629 4704 784 4768 differentia,
802 4720 864 4770 quae
882 4705 952 4757 inter
971 4706 1123 4772 tetralogies
1142 4715 1219 4774 etque
1238 4708 1368 4758 orationes
1387 4707 1500 4772 reliquas
1514 4709 1670 4775 meximeque
1689 4707 1800 4775 quintam
1813 4707 1960 4772 intercedit,

258 4791 307 4840 hoe
326 4789 383 4840 loco
402 4803 478 4853 egere
496 4807 545 4842 non
565 4807 675 4858 possum,
694 4806 724 4842 no
742 4792 843 4842 modurn
863 4793 958 4843 talibus
977 4793 1190 4858 disputationibus
1211 4811 1258 4844 usu
1276 4800 1399 4846 statutum
1419 4801 1553 4845 transeam.

389 4873 411 4939 ⁹)
429 4875 460 4928 cl.
476 4876 537 4940 Vlll,
551 4877 583 4930 68
600 4873 670 4944 ἀνὴρ
684 4871 836 4943 Ἀθηναίων
853 4879 909 4930 τῶν
926 4878 989 4931 καθ’
1009 4876 1106 4934 ἑαυτὸν
1124 4875 1205 4951 ἀρετῇ
1225 4879 1246 4930 r'
1265 4875 1374 4938 οὐδενὸς
1393 4871 1514 4950 δεύτερος
1537 4883 1583 4932 καὶ
1605 4871 1747 4950 κράτιστος
1769 4879 1960 4948 ἐνθυμηθῆναι

256 4951 401 5032 γενόμενος
418 4965 464 5014 καὶ
480 4959 498 5014 ἃ
516 4967 595 5030 γνοίη
612 4966 708 5018 εἰπεῖν.

391 5047 412 5112 ³)
431 5049 501 5101 sete.
520 5066 539 5101 s.
561 5067 583 5100 ν.
603 5053 753 5108 Καικίλιος.
789 5051 1015 5120 Pseudoplutarch.
1052 5053 1083 5104 V.
1103 5055 1132 5105 A.
1153 5071 1175 5120 p.
1188 5055 1237 5106 309
1257 5053 1284 5104 ll.

391 5136 413 5199 ⁴)
430 5134 503 5188 Phot.
517 5153 540 5205 p.
553 5137 603 5190 tus
617 5140 654 5190 ed.
669 5138 773 5191 bekker.
