4562 5568
970 345 1188 408 -21..

227 525 397 598 stravimus,
421 541 518 606 neque
540 524 707 607 quisquam,
731 525 810 604 qnod
834 525 956 605 quidem
978 523 1079 596 sciam,
1103 522 1132 585 id
1156 523 1185 584 in
1209 522 1421 586 dubitationem
1442 524 1562 587 vocavit
1602 523 1747 606 Equidem
1763 526 1933 608 intellegere

227 655 289 700 non
309 656 445 720 possum,
468 655 528 719 quo
551 638 616 700 iuro
639 637 686 700 illa
709 637 755 699 lex
778 637 905 699 Draconi
928 635 1121 700 abiudicanda
1144 637 1192 700 sit.
1239 635 1334 698 lmmo
1357 636 1442 699 vero!
1475 655 1541 700 cum
1565 636 1688 700 Athenis
1711 639 1934 702 exercitationes

227 751 420 832 gymnasticae
443 768 561 831 semper
584 751 615 812 in
638 749 749 814 deliciis
771 749 864 812 tuisse
887 749 1034 829 constet1)
1062 758 1152 830 atque
1182 749 1298 832 saepius
1327 749 1449 812 iuvenes
1478 749 1508 811 in
1537 749 1683 831 palaestra
1710 770 1742 813 se
1765 761 1934 815 exercentes

227 863 398 924 vulneratos
421 871 450 925 et
471 863 643 925 interlectos
667 881 733 924 esse
756 861 817 923 vari
839 861 1024 924 simillimum
1047 863 1098 936 sit,
1129 863 1221 925 Draco
1244 861 1292 924 ille
1314 863 1463 941 legislator
1485 861 1724 944 sapientissimus
1748 874 1826 927 certa
1849 882 1934 946 prae·

229 985 310 1056 cepta
333 974 370 1037 de
393 974 481 1037 mede
510 975 567 1037 hoc
594 973 683 1037 modo
714 973 871 1038 commissa
894 973 1125 1057 praescripsit¹).
1172 977 1267 1056 Atque
1296 993 1364 1037 cum
1391 975 1456 1038 illas
1484 977 1561 1055 leges
1589 975 1729 1064 omnibus
1752 977 1935 1061 temporibus

228 1087 371 1168 populum
396 1087 620 1150 Atheniensium
645 1087 772 1150 coluisse
794 1089 1052 1168 perspexerimus,
1080 1089 1146 1169 quis
1170 1097 1215 1150 est
1237 1088 1288 1169 qui
1310 1089 1501 1170 Antiphontis
1522 1098 1617 1152 aetate
1638 1088 1716 1152 hanc
1736 1090 1831 1171 legem
1855 1108 1934 1153 non-

228 1199 298 1260 dum
322 1199 489 1262 innotuisse
511 1199 598 1262 nobis
621 1202 801 1280 persuadere
825 1197 955 1262 audeat?
992 1201 1137 1274 Quoniam
1162 1200 1251 1279 igitur
1273 1200 1491 1280 tetralogiarnm
1516 1211 1617 1265 auctor
1637 1221 1703 1264 eam
1720 1221 1781 1265 non
1796 1203 1935 1284 respexit,

228 1330 284 1393 qua
318 1330 387 1374 reus
426 1311 590 1375 necessario
627 1311 823 1374 absolvendus
850 1320 879 1374 et
908 1311 1032 1375 omnino
1055 1331 1158 1376 causae
1180 1313 1326 1376 institutio
1350 1314 1387 1376 ab
1409 1313 1555 1377 iudicibus
1578 1315 1725 1379 reicienda
1748 1325 1825 1392 erat,
1852 1317 1934 1380 illum

228 1441 266 1485 ne
288 1423 612 1504 praestantissimarum
636 1424 757 1505 quidem
781 1423 879 1504 legum
904 1425 992 1486 ullam
1016 1426 1217 1506 cognitionem
1241 1425 1379 1490 babuisse
1401 1427 1508 1490 clarius
1530 1427 1595 1490 luce
1618 1437 1671 1502 est,
1702 1429 1812 1492 nedum
1835 1447 1935 1492 rerum

227 1536 393 1599 forensium
417 1545 447 1598 et
469 1537 583 1600 ordinis
605 1535 748 1600 iudicialis
772 1536 971 1618 peritissimus
994 1537 1094 1600 luerit.
1138 1536 1241 1618 Neque
1263 1556 1331 1600 vero
1355 1539 1567 1620 Antiphontem
1598 1549 1657 1602 tam
1685 1541 1819 1620 ignarum
1843 1541 1936 1604 luisse

230 1649 300 1712 mihi
331 1651 478 1731 persuasi,
508 1670 598 1733 quem
627 1660 656 1714 et
682 1667 900 1731 saepenumero
931 1652 1010 1732 leges
1039 1651 1074 1713 de
1103 1652 1191 1714 caede
1218 1651 1291 1714 latas
1318 1649 1485 1732 laudasse⁸)
1513 1652 1623 1714 scimus
1650 1661 1680 1715 et
1706 1657 1878 1734 frequenter
1906 1654 1935 1716 in

229 1762 411 1825 orationibus
434 1766 471 1827 de
493 1764 607 1844 legibus
629 1764 794 1842 locutum⁴l
818 1783 883 1827 esse
905 1772 1034 1838 constat,
1057 1782 1147 1843 quem
1171 1764 1207 1826 ad
1230 1763 1296 1825 illos
1319 1763 1400 1826 riros
1423 1781 1580 1826 numerare
1603 1763 1760 1838 debemus,
1789 1766 1840 1845 qui
1862 1765 1936 1828 iuris

230 1875 331 1956 peritia
363 1877 489 1938 maxima
519 1877 626 1941 imbuti
653 1897 708 1960 pro
737 1877 919 1942 orationibus
952 1879 983 1939 in
1011 1877 1135 1940 aliomm
1166 1897 1252 1940 usum
1281 1876 1456 1957 conscriptis
1486 1883 1642 1959 quaestum
1675 1881 1809 1940 iecerunt
1836 1877 1935 1959 (Phot.

231 2008 255 2049 c.
272 1987 357 2068 259).
397 1989 535 2052 Fortasse
557 1991 706 2074 quispiam
730 1991 837 2054 dixerit
859 1998 1021 2064 auctorem,
1045 2009 1114 2052 cnm
1138 1991 1288 2052 interdum
1313 2009 1348 2050 ex
1364 1987 1509 2052 industria
1525 1997 1658 2051 oratores
1680 1990 1771 2070 legem
1788 1990 1936 2070 quandam

231 2102 349 2164 silentio
371 2104 628 2182 praetermiserint
648 2114 679 2167 et
700 2103 907 2166 defensionem
930 2102 1013 2165 aliter
1036 2122 1070 2165 ac
1091 2121 1145 2184 pro
1167 2102 1281 2184 legibus
1306 2101 1498 2175 instituerint,
1521 2102 1553 2163 in
1576 2101 1630 2164 hac
1651 2121 1769 2184 quoque
1786 2103 1935 2182 tetralogia

230 2215 265 2276 ad
289 2214 427 2277 causidici
451 2215 576 2279 lallacias
599 2234 788 2298 progressum
818 2236 894 2280 esse.
937 2217 1015 2278 Sane
1043 2217 1163 2296 quidem
1194 2235 1283 2298 saepe
1311 2233 1328 2277 a
1355 2214 1488 2296 patronis
1512 2215 1568 2277 boc
1591 2215 1748 2277 artificium
1771 2215 1936 2278 adhibitum

231 2336 284 2401 est,
307 2345 366 2408 quo
388 2327 502 2390 facilius
525 2328 727 2392 absolveretur
749 2348 828 2402 reus,
852 2330 877 2392 si
899 2337 999 2391 orator
1022 2346 1141 2409 sperare
1163 2329 1261 2409 potuit
1283 2331 1356 2402 iore,
1380 2337 1413 2389 ut
1434 2327 1556 2402 iudices,
1580 2327 1630 2409 qui
1646 2335 1802 2408 praeerant
1818 2328 1937 2402 iudicio,

230 2440 289 2521 ipsi
311 2441 410 2519 legum
434 2459 494 2503 non
517 2441 588 2505 satis
610 2444 693 2523 gnari
717 2451 818 2506 essent
840 2452 891 2505 aut
912 2441 1070 2504 adversarii
1092 2441 1154 2503 illas
1178 2440 1306 2520 argutias
1330 2458 1391 2503 non
1407 2441 1687 2503 animadverterent.
1729 2441 1762 2502 ln
1778 2439 1833 2502 hac
1847 2449 1938 2503 tetra-

232 2553 306 2633 logia
328 2562 431 2616 auctor
452 2554 572 2617 adversa
597 2556 696 2618 fronte
720 2574 821 2618 secum
844 2548 982 2636 pugnans
1003 2555 1148 2616 eiusmodi
1171 2552 1287 2615 artibus
1309 2553 1351 2616 uti
1375 2553 1481 2633 potuit,
1505 2553 1592 2615 utin
1615 2553 1779 2635 posteriore
1807 2552 1938 2615 oratiun-

231 2664 294 2729 cula
320 2665 398 2728 illam
422 2667 625 2730 infirmitatem
650 2668 807 2748 detegendi
829 2687 931 2731 ansam
955 2668 1083 2730 haberet.
1120 2667 1196 2729 Nihil
1220 2666 1363 2729 ridemus.
1402 2666 1482 2740 Quin
1505 2666 1593 2728 etiam
1616 2666 1761 2748 optimum
1787 2683 1938 2747 quemque

233 2777 412 2841 causidicum
437 2779 499 2841 leve
522 2789 551 2842 et
575 2781 808 2844 minutissimum
832 2780 981 2862 quoddam
1005 2780 1077 2861 legis
1100 2788 1290 2860 praeceptum
1319 2778 1456 2841 omittere
1484 2777 1616 2859 potuisse
1643 2778 1787 2852 conoed03
1815 2787 1844 2841 at
1870 2777 1937 2859 quis

232 2900 318 2972 putet
341 2891 555 2972 Antiphontem
579 2894 667 2956 huius
690 2895 777 2974 legis,
806 2913 882 2976 quae
910 2894 974 2957 sine
1003 2893 1059 2956 ulla
1088 2891 1271 2956 dubitatione
1294 2891 1457 2954 notissimis
1480 2889 1700 2954 adnumeranda
1729 2899 1805 2963 erat,
1833 2891 1937 2952 rudem

230 3001 345 3067 luisse?
392 3005 493 3086 Neque
520 3025 589 3069 rero
623 3025 850 3088 nonnumquam
869 3017 954 3076 eos,
991 3007 1042 3087 qui
1071 3025 1103 3068 se
1133 3007 1249 3067 caedem
1279 3003 1389 3068 iustam
1416 3014 1547 3086 patrasse
1570 3001 1700 3065 confessi
1723 3010 1807 3074 sunt,
1836 3000 1870 3064 in
1891 3003 1938 3065 ius

235 3126 350 3181 uocatos
374 3136 439 3180 esse
462 3119 582 3199 ignoro,
612 3121 680 3202 quia
709 3119 885 3200 saepissime
912 3117 1130 3198 ambigebatur,
1157 3136 1214 3199 qua
1237 3119 1387 3181 voluntate
1416 3126 1543 3180 mortem
1566 3116 1737 3178 intuhssent
1759 3124 1809 3178 aut
1831 3113 1938 3197 quibus

241 3231 502 3294 machinationibus
525 3231 602 3312 leges
625 3232 829 3313 violassentl).
867 3231 992 3295 Tantum
1017 3241 1116 3295 autem
1139 3231 1229 3303 abest,
1253 3231 1338 3295 utin
1361 3232 1417 3294 bac
1438 3229 1589 3310 tetralogia
1613 3229 1672 3293 ulla
1693 3226 1838 3291 dubitatio
1853 3227 1938 3290 nobis

242 3341 335 3418 detur,
358 3361 413 3426 qua
436 3343 587 3407 voluntate
610 3345 781 3408 adulescens
804 3344 994 3420 interfecerit,
1011 3355 1045 3407 ut
1067 3345 1167 3427 potius
1190 3354 1343 3408 accusator
1366 3343 1430 3425 ipse
1452 3343 1643 3406 homicidium
1666 3341 1834 3405 inconsulto
1857 3359 1939 3404 com-

237 3454 359 3518 missum
388 3475 454 3519 esse
481 3457 697 3534 contemnet).
752 3457 866 3532 Quibus
894 3457 992 3520 verbis
1021 3457 1167 3520 concessit
1193 3475 1279 3519 rcum
1308 3457 1415 3519 iustam
1447 3456 1568 3519 caedem
1598 3463 1745 3536 patrasse3
1778 3471 1847 3516 nam
1877 3453 1939 3533 lega

233 3569 449 3651 praescriptum
484 3578 558 3632 erat:
597 3571 628 3632 εἴ
658 3593 708 3644 τις
742 3568 778 3633 ἐν
805 3567 926 3644 ἄθλοις
960 3566 1046 3632 ἄκων
1072 3564 1243 3632 ἀπέκτεινε
1260 3613 1267 3629 .
1285 3616 1291 3630 .
1309 3613 1342 3630 ..
1365 3567 1408 3652 μή
1438 3561 1581 3651 φεύγειν.
1638 3570 1734 3651 dtque
1768 3566 1937 3630 rectissime

233 3681 397 3764 Philippica
427 3683 457 3760 (l.
477 3701 504 3743 c.
523 3701 553 3764 p.
570 3681 619 3744 61.
645 3683 718 3761 tta)
751 3702 869 3747 causam
904 3699 1070 3763 numquam
1104 3699 1169 3742 esse
1203 3681 1368 3744 institutam
1402 3700 1503 3744 coram
1534 3681 1681 3744 iudicibus
1709 3679 1936 3754 demonstrarit,

232 3793 371 3874 quotiens
394 3802 546 3856 accusator
568 3814 652 3858 reum
669 3795 807 3870 δικαίως
823 3797 1062 3879 πεφονευκέναι
1085 3795 1240 3858 confessus
1262 3805 1348 3868 esset,
1372 3796 1425 3859 sed
1447 3795 1517 3860 satis
1540 3796 1631 3860 luisse
1650 3795 1772 3858 caedem
1790 3794 1937 3857 caerimo-

237 3907 296 3970 niis
318 3906 495 3987 quibusdam
519 3917 548 3971 ct
569 3908 677 3972 ritibus
699 3909 790 3972 sacris
813 3909 929 3991 expiari.

385 4019 441 4082 Sed
465 4021 653 4084 considerare
674 4041 845 4104 pergamus,
875 4043 934 4104 qno
965 4025 1054 4086 modo
1083 4021 1231 4085 secundae
1253 4022 1422 4103 tetralogiae
1444 4025 1519 4086 actio
1541 4023 1753 4104 progrediatur.
1797 4023 1830 4084 ln
1853 4022 1940 4087 tertia

233 4132 420 4196 oratiuncula
447 4141 560 4214 patrem
591 4135 633 4197 rei
664 4135 747 4198 illam
775 4137 912 4199 subtilem
947 4135 1104 4217 perorandi
1131 4143 1224 4197 artem
1255 4135 1425 4198 adhibuisse
1453 4145 1607 4199 accusator
1635 4135 1844 4219 conqueritur,
1879 4153 1936 4217 qua

235 4223 354 4308 animos
376 4245 523 4322 iudicum,
547 4266 726 4329 quocunqne
749 4251 830 4323 velit,
858 4251 976 4312 trahere
999 4250 1043 4311 vel
1067 4266 1170 4330 rapere
1191 4248 1287 4330 possit
1309 4266 1419 4330 eosque
1442 4250 1586 4331 impellet,
1614 4257 1646 4312 ut
1666 4249 1850 4311 voluntatem
1874 4247 1938 4310 eius

234 4359 386 4422 intuentos
414 4365 491 4422 totos
519 4379 551 4422 se
578 4362 613 4422 ad
642 4361 707 4423 eius
734 4369 841 4424 nutum
869 4371 957 4445 atque
984 4361 1139 4425 arbitrium
1168 4362 1364 4425 accomodent
1391 4371 1479 4445 atque
1509 4362 1601 4443 magis
1630 4362 1707 4426 illius
1737 4363 1940 4424 emolumento

371 4533 392 4598 1)
410 4531 481 4585 Piud.
499 4531 571 4586 Nem.
590 4534 621 4599 V,
633 4534 666 4586 ta
679 4535 743 4600 (et).

371 4617 391 4690 ²)
409 4621 547 4674 Praeterea
566 4619 639 4674 Plato
656 4621 699 4692 (de
719 4623 767 4688 lag.
788 4638 811 4690 p.
824 4623 885 4688 865)
903 4622 1019 4690 Delphici
1039 4621 1137 4674 oraculi
1163 4621 1235 4674 iussn
1258 4639 1312 4688 eos,
1338 4623 1382 4690 qui
1409 4623 1435 4675 in
1463 4624 1593 4692 palaestra
1613 4624 1714 4677 caedem
1737 4624 1940 4678 involuntariam

236 4715 391 4777 patrassent,
410 4710 484 4776 culpa
502 4708 626 4760 liberatos
645 4723 702 4761 esse
721 4717 833 4760 enarrat.
870 4707 925 4775 Qua
942 4725 972 4760 re
991 4709 1121 4761 Platonem
1141 4709 1213 4760 illam
1232 4711 1313 4776 legem
1333 4726 1381 4763 noa
1400 4711 1482 4778 ipsura
1499 4713 1661 4779 excogitatae
1679 4711 1706 4764 in
1723 4719 1813 4780 aperto
1832 4719 1879 4764 cat.

371 4794 393 4860 θ)
413 4795 515 4862 Antiph.
529 4795 559 4860 V,
575 4797 621 4860 103
636 4797 750 4859 14-163
763 4797 809 4861 or,
823 4796 863 4848 88.
882 4795 926 4860 Vl,
940 4796 968 4859 23
980 4797 1012 4857 43
1025 4796 1055 4858 lig
1069 4796 1110 4847 38.

371 4881 393 4946 ⁴)
410 4879 575 4949 Pseudoplut.
589 4882 620 4936 V.
634 4882 663 4934 Α.
681 4879 730 4934 dul
746 4878 812 4942 τοὺς
829 4873 931 4952 νόμους
947 4885 993 4935 καὶ
1009 4879 1042 4935 aci
1061 4873 1140 4948 πάθη
1158 4885 1266 4953 τρέπων
1282 4880 1346 4942 τοὺς
1364 4877 1467 4952 λόγους.

372 4967 395 5031 ³)
412 4967 481 5020 llaec
499 4983 528 5020 re
547 4983 608 5020 vera
626 4969 664 5020 ita
682 4983 710 5020 ae
727 4969 822 5021 babere
836 4983 868 5021 ex
881 4969 974 5038 Lysiae
986 4969 1104 5022 oratione
1117 4970 1148 5022 de
1162 4968 1340 5024 Eratosthenis
1353 4972 1483 5025 occisione
1495 4971 1583 5025 habita
1603 4977 1756 5038 carnuntum
1775 4969 1807 5024 ol.
1820 4969 1941 5038 Philippi,

234 5055 290 5106 Der
308 5056 426 5122 Areopag
444 5069 468 5106 n.
487 5054 529 5105 die
545 5052 668 5120 prcten,
687 5071 709 5122 p.
721 5057 762 5106 60.
777 5057 834 5108 124.

372 5140 393 5202 θ)
411 5143 483 5192 Bal
502 5135 598 5195 ἑκόντα
615 5139 667 5210 iaia
685 5133 736 5196 οὖν
753 5137 803 5194 οὐκ
819 5140 939 5196 insectari
958 5135 1125 5208 ducentium,
1143 5133 1242 5196 ἄκοντα
1260 5140 1296 5196 δέ.
