4562 5568
966 283 1265 354 -2b-.

228 483 302 546 puer
324 464 411 544 plane
434 463 606 528 temeritatis
629 461 795 544 suspicione
816 460 1003 534 liberabatur,
1034 469 1133 525 tamen
1157 460 1296 523 defensor
1317 457 1345 524 id
1368 457 1485 520 silentio
1514 456 1576 520 lere
1604 456 1812 538 praetermittit
1837 465 1924 538 atque

229 575 324 638 obiter
345 583 460 643 tantum
484 576 592 655 tangit:
627 572 715 640 Brit
738 573 771 635 el
791 571 852 655 μὲν
879 567 946 636 ὑπὸ
974 569 1195 654 παιδοτρίβου
1223 565 1421 652 καλούμενος
1449 565 1626 652 διέτρεχεν,
1661 563 1679 632 ὁ
1707 565 1925 651 παιδοτρίβης

227 685 268 752 ἂν
289 677 492 764 οἷποιιτείνας
513 682 614 752 αὐτὸν
635 689 703 772 alp,-
726 687 798 768 quin
821 686 908 751 etiam
932 685 1078 750 iudicibus
1099 685 1176 746 hanc
1198 683 1399 746 conditionem
1422 681 1489 754 lert,
1511 687 1545 743 ut
1560 681 1676 759 eligant,
1699 688 1798 745 unum
1814 680 1925 760 paedo-

228 802 334 864 tribam
358 821 396 866 an
419 809 555 868 necatum
579 801 678 882 ipsum
701 799 796 864 caedis
819 799 902 880 culpa
926 797 1020 860 teneri
1052 797 1154 858 malint
1181 795 1224 858 sic
1250 811 1388 874 pergens:
1422 791 1453 855 si
1480 789 1510 858 d'
1538 787 1592 874 ὑφ’
1620 787 1738 854 ἑαυτοῦ
1767 789 1926 864 πεισθεὶς

229 909 396 997 ὑπῆλθεν,
419 906 517 986 αὐτὸς
538 905 594 994 ὑφ’
617 907 735 974 ἑαυτοῦ
757 909 973 994 διέφθαρται.
1017 909 1122 971 biiram
1144 906 1319 987 sapientiam
1343 914 1373 968 et
1394 904 1589 969 ratiocinandi
1614 901 1688 966 vimi

378 1025 434 1090 Sed
458 1026 492 1088 ad
508 1023 662 1087 llerrlicbii
685 1023 855 1104 opinionem
879 1022 1097 1086 diiudicandam
1121 1019 1286 1083 redeamus.
1321 1018 1352 1082 ld
1376 1018 1455 1081 euim
1480 1019 1642 1084 tenendum
1666 1025 1711 1080 est
1732 1016 1814 1079 illum
1831 1015 1925 1078 uirum

227 1138 347 1200 doctum
371 1137 624 1217 sesquimedia
648 1153 707 1198 non
732 1135 912 1197 voluntariae
935 1133 1123 1196 condemnati
1147 1141 1232 1204 sunt,
1259 1148 1444 1211 perannum
1468 1131 1560 1211 patria
1584 1147 1684 1191 carere
1707 1129 1805 1194 iussos
1828 1147 1923 1210 neque

227 1250 334 1312 borum
357 1248 433 1312 bona
456 1248 601 1329 publicata
625 1267 690 1312 esse
713 1247 903 1310 contendisse
928 1249 956 1322 (l.
974 1266 999 1309 c.
1023 1266 1049 1328 p.
1067 1245 1133 1321 21).
1167 1243 1240 1306 Cum
1264 1253 1362 1306 autem
1387 1245 1416 1304 in
1440 1251 1519 1308 tanta
1544 1244 1711 1306 orationum
1734 1242 1826 1324 copia,
1849 1260 1923 1322 quas

228 1363 258 1424 in
280 1361 513 1425 iudiciisdtticis
536 1361 605 1423 cliro
629 1360 744 1424 habitas
766 1369 843 1424 aetas
860 1359 935 1432 tulit,
958 1359 1072 1422 nullum
1096 1357 1247 1419 invenitur
1261 1355 1517 1436 grammaticorum
1534 1355 1749 1430 testimonium,
1773 1373 1831 1435 quo
1847 1363 1925 1420 certa

225 1475 338 1538 ratione
361 1473 512 1538 evincatur
541 1473 617 1554 apud
641 1472 838 1544 Athenienses
866 1489 992 1553 poenam
1020 1470 1117 1534 caedis
1139 1469 1351 1532 involuntariae
1380 1467 1473 1530 minui
1500 1467 1644 1546 potuisse,
1667 1485 1720 1548 ago
1745 1476 1777 1530 ut
1795 1467 1924 1534 ,credam

228 1604 290 1649 non
312 1587 394 1648 iacile
416 1605 432 1648 a
455 1606 502 1648 me
524 1585 688 1666 impetrabo
712 1604 791 1660 eum,
826 1586 876 1666 qui
899 1585 962 1648 siue
984 1583 1152 1649 temeritate
1175 1580 1371 1646 involuntarie
1393 1579 1582 1652 interfecerit,
1607 1580 1721 1644 minore
1743 1598 1837 1660 poena
1861 1598 1925 1642 esse

227 1700 373 1760 adlectum
397 1716 485 1780 quam
509 1698 556 1760 cui
579 1697 759 1778 neglegentia
783 1697 898 1760 crimini
921 1696 1052 1758 vertitur.
1097 1694 1169 1756 Nam
1199 1694 1277 1774 quod
1307 1692 1403 1756 solum
1432 1691 1517 1757 video
1548 1691 1620 1754 mibi
1648 1691 1722 1753 obici
1748 1710 1834 1772 posse
1856 1711 1926 1773 per-

227 1811 340 1874 cussori
363 1811 478 1872 veniam
502 1811 600 1874 daem
624 1829 697 1884 esee,
720 1809 745 1872 si
768 1810 883 1874 occisus
906 1820 977 1872 ante
1001 1815 1126 1873 mortem
1148 1813 1199 1869 aut
1214 1805 1277 1868 eius
1293 1803 1418 1884 cognati,
1442 1803 1550 1885 quibus
1566 1807 1609 1867 las
1626 1813 1689 1868 erat
1703 1803 1923 1869 interfectorem

229 1923 262 1984 in
283 1924 330 1986 ius
353 1942 470 1998 vocare,
493 1923 533 1985 illi
556 1924 667 1986 laetum
689 1923 875 2002 ignoverant,
905 1922 940 1994 ad
970 1929 1100 1987 noemam
1129 1918 1334 2000 quaestionem
1358 1934 1419 1983 noo
1442 1917 1569 1997 pertinet
1580 1916 1614 1996 ¹).
1660 1916 1713 1980 Sin
1735 1925 1833 1984 eutem
1857 1933 1924 1998 per·

230 2054 332 2098 cussor
353 2056 368 2097 e
391 2036 524 2116 cognatis
546 2043 698 2098 accusatus
721 2035 785 2116 ipse
813 2053 844 2097 se
872 2033 1069 2096 involuntarie
1096 2031 1282 2094 interfecisse
1309 2030 1463 2096 coufessus
1484 2037 1560 2102 erat,
1588 2047 1715 2110 poenam
1734 2029 1924 2096 constitutam

228 2149 394 2214 necessario
417 2148 548 2229 suscepit
569 2158 599 2212 ct
621 2149 650 2210 iu
674 2147 793 2216 erilium
816 2147 898 2219 abiit,
922 2147 1000 2228 quod
1024 2145 1071 2208 dei
1093 2144 1178 2210 inleri
1200 2155 1284 2210 erant
1306 2141 1488 2224 explanem).
1523 2141 1581 2208 Sed
1605 2141 1734 2223 cognatis
1757 2141 1867 2208 mortui
1890 2162 1925 2205 ex

229 2261 343 2342 legibus
365 2260 469 2326 Atticis
490 2261 669 2344 permissum
693 2268 765 2335 erat,
787 2261 959 2342 priusquam
983 2258 1158 2324 exulatiouie
1181 2267 1299 2337 ternpus
1322 2255 1527 2337 praeterierat,
1557 2273 1609 2321 roo
1631 2255 1798 2334 ignoscere,
1828 2262 1861 2320 ut
1880 2254 1926 2322 illi

228 2375 260 2440 in
292 2375 414 2456 patriam
447 2375 543 2440 redire
575 2375 687 2441 licitum
723 2371 843 2450 essem).
901 2373 1041 2437 Videmus
1074 2371 1163 2450 igitur
1195 2371 1252 2434 lroc
1284 2387 1404 2454 quoque
1437 2368 1524 2432 modo
1559 2366 1714 2430 llerrlichii
1754 2366 1923 2448 opinionem

229 2486 412 2552 abiciendam
437 2507 511 2553 esse.
557 2489 615 2552 lam
639 2507 707 2562 une,
732 2497 765 2550 ut
786 2486 859 2550 mibi
881 2485 1001 2567 quidem
1026 2484 1150 2558 videtur,
1176 2481 1422 2562 metatusque
1448 2499 1482 2545 er
1505 2481 1552 2544 his
1573 2481 1719 2560 angustiis
1742 2479 1925 2548 llerrlicbius

229 2599 351 2666 eradere
373 2600 477 2681 possit.
522 2600 564 2664 Ex
586 2600 768 2667 orationibus
790 2601 869 2662 enim
895 2598 979 2661 nobis
1002 2597 1124 2660 servatis
1147 2596 1218 2658 nibil
1241 2594 1336 2675 colligi
1365 2600 1479 2675 potest,
1508 2611 1566 2675 quo
1597 2612 1721 2673 poenam
1745 2593 1843 2660 caedis
1865 2610 1924 2656 non

229 2711 409 2777 voluntariae
430 2730 482 2794 per
504 2731 615 2777 annum
637 2713 731 2780 luisse
753 2712 952 2778 exulationeut
976 2729 1030 2792 pro
1053 2720 1133 2774 certo
1156 2706 1415 2778 constituamue¹t
1450 2706 1590 2770 Nostrum
1613 2705 1703 2785 igitur
1724 2707 1864 2774 iudicium
1889 2705 1926 2768 de

229 2825 285 2892 bac
305 2843 339 2889 re
359 2825 456 2908 aliqua
479 2844 515 2890 ex
537 2833 621 2908 parte
642 2825 754 2906 pendet
775 2845 792 2886 e
813 2823 1071 2904 grammaticorum
1095 2821 1283 2895 testimoniis,
1307 2838 1383 2901 quae
1402 2819 1468 2884 siue
1483 2819 1572 2888 dubio
1588 2837 1605 2880 e
1620 2819 1743 2885 vetustis
1759 2829 1790 2882 et
1804 2818 1925 2900 optimis

230 2937 363 3002 lontibus
386 2938 576 3019 duremur).
622 2939 694 3005 Cum
718 2957 788 3003 voro
810 2937 850 3002 illi
872 2936 1055 3014 grammatici
1079 2953 1139 3001 nou
1162 2935 1251 2999 modo
1274 2931 1496 2997 Atheniensium
1519 2931 1737 2998 institutionum
1762 2931 1812 2994 sed
1836 2931 1925 2997 etiam

229 3051 353 3116 aliorum
376 3053 554 3132 populorum
576 3050 723 3114 rationem
744 3049 850 3115 babere
871 3049 949 3114 soliti
971 3049 1041 3120 sint,
1065 3065 1168 3110 eorum
1192 3046 1395 3110 auctoritatem
1419 3044 1572 3110 minimam
1596 3063 1661 3107 esse
1684 3053 1714 3106 et
1728 3044 1800 3108 adeo
1814 3043 1924 3110 nubam

230 3164 365 3230 nonnulli
402 3162 653 3228 existimaverunt.
703 3164 803 3243 ltaque
828 3161 958 3224 Platonis
986 3160 1175 3242 potissimum
1204 3160 1283 3239 loges
1313 3157 1406 3226 secuti
1434 3160 1475 3238 (p.
1492 3155 1553 3222 861
1567 3157 1598 3232 C,
1612 3155 1653 3230 1t;
1681 3155 1794 3236 8711))
1822 3172 1923 3238 saepe-

227 3294 353 3342 numero
374 3275 405 3338 in
427 3275 515 3338 certis
536 3276 699 3340 iacinctum
727 3273 884 3353 generibus
913 3273 1111 3340 ornationem
1139 3288 1192 3352 per
1220 3270 1312 3334 maius
1340 3270 1484 3351 temporis
1511 3270 1640 3351 spatium
1670 3269 1762 3334 luisse
1790 3269 1924 3333 arbitrati

228 3398 307 3454 suut.
342 3387 371 3450 Si
387 3387 566 3454 llerrlicbius
589 3405 709 3468 quoque
731 3387 838 3450 horum
862 3385 1004 3450 iudicium
1027 3384 1196 3466 accepisset,
1220 3383 1319 3464 opinio
1342 3382 1406 3449 eius
1422 3383 1547 3464 aliquam
1564 3381 1779 3464 probabilitatis
1793 3382 1923 3462 speciem

228 3504 472 3583 praeseferret.
517 3499 621 3580 Neque
643 3498 816 3568 desumunt,
845 3498 897 3579 qui
925 3497 1014 3564 etiam
1041 3517 1077 3560 er
1104 3496 1231 3562 secunda
1260 3495 1408 3574 tetralogia
1432 3514 1496 3558 esse
1518 3495 1752 3561 concludendum
1776 3495 1833 3557 sibi
1854 3513 1924 3577 per·

228 3615 388 3686 suaserint,
415 3613 678 3692 grammaticorum
707 3611 912 3676 testimonium
941 3611 1123 3676 reiciendum
1148 3629 1230 3683 esse,
1263 3609 1341 3688 quod
1369 3607 1455 3673 rerba
1483 3607 1592 3693 quibus
1619 3617 1704 3692 pater
1736 3607 1787 3672 lilii
1813 3616 1923 3670 sortem

229 3727 407 3793 lamentetur
429 3726 536 3788 nimiae
557 3725 710 3804 gravitatis
732 3732 762 3786 ct
785 3723 903 3789 maioris
926 3723 1067 3805 ponderis
1089 3723 1159 3796 siut,
1175 3740 1264 3803 quam
1279 3722 1372 3784 uteie
1388 3739 1476 3801 parva
1492 3737 1586 3801 poena
1603 3721 1799 3800 significetur:
1823 3718 1868 3800 ac
1886 3720 1924 3780 10

229 3836 288 3905 ent
309 3861 345 3904 τε
365 3836 427 3918 γὰρ
448 3838 487 3927 τῇ
508 3833 625 3906 τούτου
648 3835 825 3920 διαφθορᾷ
846 3830 991 3916 ἀβίωτον
1011 3832 1048 3900 ad
1072 3831 1271 3918 λειπόμενον
1292 3833 1351 3896 τοῦ
1366 3834 1443 3916 βίου
1466 3828 1585 3910 διάξω,
1608 3830 1666 3900 sot
1681 3855 1715 3897 ra
1730 3831 1769 3920 τῇ
1783 3828 1927 3914 ἐμαυτοῦ

230 3945 377 4029 ἀπαιδίᾳ
410 3947 472 4023 ζῶν
505 3947 555 4014 ἔτι
582 3945 886 4032 τατοροχδήοομαι.
941 3948 993 4012 eor
1021 3957 1196 4030 argumento
1230 3963 1291 4012 non
1319 3947 1446 4010 multum
1477 3945 1567 4010 tribui
1596 3954 1703 4026 potest
1752 3945 1825 4008 Nam
1853 3944 1927 4006 baec

231 4139 347 4175 sermone
366 4121 465 4176 Graeco
484 4124 595 4186 recedit3
614 4138 670 4173 narn
688 4119 792 4173 verbum
810 4116 1001 4190 ἰποδέχεσδαι
1019 4138 1066 4172 noe
1086 4137 1145 4173 raro
1164 4121 1298 4173 invenitur
1310 4119 1356 4170 snb
1369 4118 1473 4169 notione
1486 4117 1632 4184 pellicandi,
1645 4119 1689 4169 sed
1702 4119 1768 4184 apud
1783 4117 1924 4184 scriptores

232 4212 390 4264 vetustiores
408 4225 507 4276 semper
519 4225 574 4262 cam
587 4208 667 4260 lutari
679 4209 809 4260 infinitivo
822 4209 990 4272 coniunctura,
1003 4208 1035 4259 cl.
1048 4207 1162 4274 Tbuevd.
1174 4205 1205 4272 tt,
1217 4207 1262 4270 293
1274 4205 1367 4258 lierod.
1379 4203 1397 4266 i,
1411 4204 1458 4268 243
1469 4203 1513 4268 IV,
1527 4205 1589 4264 1³³3
1603 4204 1650 4256 tat
1658 4219 1665 4268 ;
1679 4203 1720 4268 Vl,
1735 4207 1779 4269 11,
1791 4203 1855 4267 Vlll,
1870 4203 1925 4260 tot.

230 4295 344 4362 lunatica
362 4280 530 4364 propositori
548 4290 697 4364 ὑπήρχετοι
716 4309 797 4363 „puer
816 4309 845 4348 eo
863 4295 986 4362 temporie
1004 4303 1105 4362 puncto,
1131 4311 1179 4362 quo
1191 4300 1279 4359 coepta
1294 4299 1354 4349 suot
1365 4291 1549 4344 iaculatoribus
1562 4291 1647 4344 iacula
1659 4290 1761 4354 extolli,
1780 4305 1835 4342 eum
1849 4305 1927 4342 voea-

231 4390 304 4434 retur
321 4397 337 4432 a
356 4379 521 4450 paedotriba“
540 4388 567 4432 et
584 4397 620 4449 qs.
651 4381 699 4431 Sed
712 4380 860 4434 vocabulum
873 4365 905 4432 οὗ
918 4397 1047 4448 nusquam,
1064 4381 1128 4450 quod
1141 4381 1241 4448 quidem
1254 4381 1341 4442 sciam,
1359 4379 1405 4429 sub
1424 4380 1472 4430 bac
1488 4377 1592 4429 notione
1609 4377 1812 4444 deprehenditur.
1846 4377 1925 4428 llultc

233 4467 392 4536 probabilior
410 4475 450 4520 est
467 4468 615 4518 lloblmanni
633 4467 780 4519 coniectura
798 4467 990 4533 (Antiphontea,
1010 4467 1150 4519 Vratlelav.
1165 4466 1239 4530 1882,
1253 4483 1275 4533 p.
1291 4467 1342 4530 tt),
1360 4464 1402 4531 qni
1421 4463 1525 4530 scripsit
1536 4459 1729 4530 ώςέοιδδχετοι
1748 4476 1795 4527 „co
1814 4469 1926 4528 tempore
1978 4495 1980 4500 -

233 4561 366 4607 vocatura
383 4555 539 4621 paedotriba,
557 4569 605 4621 qno
623 4552 718 4604 licebat
736 4553 941 4604 adulescentibus
958 4553 1013 4604 tela
1031 4554 1180 4620 colligere‘t
1204 4553 1264 4604 Gom
1278 4566 1340 4604 vero
1352 4558 1487 4602 accurator
1498 4550 1563 4603 bane
1575 4565 1661 4600 vocem
1676 4548 1755 4600 nailla
1772 4549 1926 4600 tertlraoniia

232 4641 403 4704 confirmatur,
421 4648 545 4708 patronae
563 4640 687 4691 rationem
706 4655 755 4689 non
774 4638 858 4703 babet,
876 4646 905 4690 ut
923 4640 1036 4692 omnibus
1054 4640 1118 4691 locis
1137 4655 1201 4692 vana
1220 4647 1246 4690 et
1264 4638 1348 4689 inanis
1366 4637 1553 4701 argumentatio
1572 4635 1749 4702 perspiciatur.

367 4725 388 4792 ¹)
406 4725 525 4796 Pbiiippi,
543 4727 595 4779 iler
612 4727 732 4794 Areopag
751 4742 775 4776 u.
795 4724 834 4776 die
853 4725 976 4792 lephaton,
994 4742 1018 4793 p.
1033 4727 1094 4790 1153
1115 4726 1172 4780 141.

365 4811 387 4878 ²)
406 4813 570 4878 Scboemaun,
586 4813 723 4881 Antiquitt.
736 4829 759 4879 p.
773 4811 832 4862 296.

365 4898 387 4965 ³)
404 4895 568 4965 Seboemann,
579 4901 719 4966 Antiquitt.
732 4916 756 4967 p.
770 4899 819 4950 298
836 4898 901 4949 Αδο.
917 4899 957 4951 11.

367 4985 389 5051 ⁴)
406 4985 539 5054 Hermann,
552 4984 655 5038 Griecb.
668 4985 842 5037 Staataaltert.
856 4983 873 5049 ξ
888 4985 944 5048 101,
959 4984 998 5037 11.

366 5073 389 5138 ⁵)
406 5073 542 5138 Hermann,
555 5073 654 5140 Disput.
667 5074 698 5124 de
711 5073 806 5137 vertis.
818 5088 842 5138 p.
854 5069 895 5123 51.

286 5158 358 5204 Acbte
371 5159 437 5203 ettdt.
451 5158 502 5200 neh.
516 5157 649 5214 Bnrgerseb.
