4562 5568
1112 289 1316 355 ..16-

359 475 549 558 νονοηιίνοο,
582 475 619 537 81
637 469 756 536 τούτου
789 467 910 555 ἢκουον
942 465 1219 554 μαρτυρήσουσιν.
1264 467 1367 548 Neque
1388 486 1458 530 vero
1486 468 1642 550 quisquam
1674 468 1739 532 lure
1760 469 1858 533 Atu'co
1886 469 1969 534 testis
1996 489 2062 534 esse

360 596 482 668 poterat,
507 586 565 648 nisi
587 585 640 656 rei,
664 585 700 646 de
723 603 781 665 qoa
804 584 954 664 agebatur,
988 584 1051 664 ipse
1073 599 1172 645 coram
1196 581 1339 654 adfuerat,
1361 598 1437 662 quae
1459 581 1526 662 quis
1548 580 1584 645 ab
1606 583 1700 645 altero
1722 581 1813 646 leudo
1828 591 1990 664 acceperat,
2008 601 2063 664 pro

359 699 530 762 testimonio
553 697 651 760 dicere
673 716 735 760 non
758 697 870 770 licebat,
895 695 951 758 nisi
973 696 1022 758 ille
1045 697 1119 758 aller
1142 703 1278 756 mortuus
1300 693 1404 774 88811).

502 811 542 872 Ex
566 812 612 873 his
645 829 720 890 quae
743 809 827 872 attuli
854 809 997 890 exemplis
1026 808 1245 886 tetralogiarum
1280 817 1431 870 auctorem
1465 824 1564 869 rerum
1587 807 1750 871 forensium
1773 809 1935 871 Atticarum
1958 807 2063 892 peritia

361 924 486 1004 quadam
515 925 606 986 luisse
633 922 728 1004 aliqua
757 941 824 986 curn
854 920 1061 1003 probabilitate
1092 922 1205 983 rideam·
1232 919 1323 982 statui
1353 917 1480 1000 posse¹).
1524 919 1588 993 Qua
1611 938 1645 983 re
1667 921 1786 984 adducti
1809 921 1843 984 ad
1866 921 1923 984 huc
1944 930 2064 1002 tempus

360 1054 465 1098 omnes
493 1035 546 1099 riri
576 1036 668 1108 docti,
698 1037 750 1116 qui
777 1037 812 1097 de
841 1036 929 1097 rebus
958 1033 1144 1096 iudicialibus
1171 1032 1290 1114 copiose
1319 1034 1538 1104 disseruerunt,
1567 1033 1732 1112 tetralcgias
1754 1033 1790 1096 eb
1812 1034 1855 1096 eis
1878 1033 2063 1096 orationihus

359 1149 448 1228 plane
469 1147 598 1222 diueue,
620 1166 698 1228 quae
719 1149 888 1211 rhetoribus
911 1147 1085 1227 posterioris
1109 1147 1214 1208 aemtis
1238 1144 1394 1216 debentur,
1418 1163 1453 1206 ac
1467 1145 1570 1217 mults,
1593 1163 1670 1226 quae
1684 1145 1721 1208 ad
1737 1146 1911 1208 iudiciorum
1927 1146 2063 1208 ordinem

360 1260 487 1321 Atticum
511 1267 591 1322 recte
614 1260 853 1340 perspiciendum
877 1259 1059 1341 pertineant,
1088 1258 1216 1338 intellegi
1244 1275 1334 1337 posse
1363 1257 1477 1338 opinati
1500 1265 1581 1320 sunt.
1625 1256 1797 1331 intereos,
1827 1260 1878 1340 qui
1900 1259 1968 1323 hnic
1990 1275 2065 1322 sen-

358 1371 470 1434 tentiae
492 1373 698 1452 propagandae
717 1391 836 1454 operam
853 1373 1010 1442 dederuut,
1033 1369 1231 1451 principatum
1249 1368 1364 1431 obtinet
1379 1368 1515 1444 Blassius,
1539 1370 1589 1450 qui
1605 1370 1825 1448 tetralogiarum
1840 1370 2064 1433 institutionem

360 1483 486 1546 summis
513 1483 650 1548 laudibus
684 1483 810 1558 ellert⁸).
860 1486 957 1566 Atque
988 1484 1077 1546 etiam
1108 1481 1317 1562 Philippius⁴)‚
1349 1481 1400 1562 qui
1430 1481 1572 1544 Blossium
1611 1499 1840 1564 nonnumquam
1881 1483 1911 1546 in
1945 1499 2064 1546 errores

361 1595 503 1660 incidisse
525 1597 641 1660 disertis
665 1598 761 1661 verbis
784 1599 925 1670 ostendit,
949 1597 978 1659 in
1001 1595 1170 1657 universum
1194 1594 1318 1656 eandem
1340 1595 1520 1656 sententiaro
1544 1595 1711 1674 divulgarit.
1746 1596 1851 1678 Neque
1872 1596 1957 1659 aliter
1972 1595 2066 1658 llerr·

360 1708 467 1772 licbius
491 1711 567 1772 hauc
588 1711 742 1774 materiam
766 1711 926 1774 novissime
948 1719 1074 1790 tangens
1096 1709 1127 1770 iu
1149 1707 1352 1789 disputatione
1373 1706 1532 1788 quedam⁵)
1554 1709 1646 1770 multa
1669 1718 1698 1771 et
1712 1709 1808 1788 gravia
1825 1709 1860 1771 ad
1877 1717 1957 1772 reete
1972 1717 2067 1772 tetre·

358 1821 450 1901 logias
475 1821 678 1904 disceptandas
700 1832 873 1902 argumenta
908 1823 1078 1888 enucleasse
1105 1819 1160 1882 sibi
1184 1821 1264 1882 risus
1295 1817 1381 1895 cst⁸).
1428 1819 1533 1882 Utrum
1555 1821 1585 1881 bi
1608 1820 1662 1882 riri
1684 1830 1765 1884 recte
1786 1823 1901 1902 egerint
1923 1839 1959 1884 an
1985 1823 2064 1894 ideo,

359 1936 439 2016 quod
463 1947 676 2016 praeoccupata
699 1946 799 1999 mente
822 1935 990 2014 tetralogias
1012 1933 1190 2014 Antiphonti
1213 1933 1386 1996 tribuendas
1408 1951 1473 1996 esse
1495 1933 1551 1996 sibl
1567 1943 1789 2014 persuaserunt.
1813 1935 1975 1999 sententias
1998 1935 2063 1998 illae

359 2048 632 2128 pronuntiaverint,
662 2049 767 2122 adhuc,
800 2049 880 2130 quod
907 2048 1028 2130 quidem
1056 2046 1162 2119 adam,
1191 2063 1206 2108 a
1234 2045 1315 2108 nullo
1342 2055 1389 2109 est
1415 2045 1591 2127 quaesitum.
1641 2047 1744 2129 ltaque
1771 2065 1874 2112 eorum
1901 2045 2066 2110 sententias

361 2161 530 2224 examinare
551 2151 648 2236 liceat,
671 2160 794 2241 quaesi
816 2161 904 2224 certis
927 2161 1109 2240 argumentis
1131 2170 1242 2235 carent,
1264 2159 1435 2222 obiciendae
1457 2167 1539 2222 suut.

502 2274 700 2338 Athenienses
735 2291 795 2336 uon
832 2275 919 2337 modo
952 2292 1106 2338 causarum
1141 2274 1298 2353 litiumque
1330 2273 1550 2335 amantissimus
1577 2273 1669 2337 luisse
1697 2274 1749 2337 sed
1777 2275 1866 2337 etiam
1892 2273 2066 2355 saepissime

370 2403 437 2466 eges
460 2387 497 2448 de
520 2386 644 2467 singulis
667 2386 764 2449 causis
788 2387 964 2450 constitutas
986 2388 1214 2451 commutavisse
1236 2403 1385 2449 comeosu
1415 2385 1549 2452 omnium
1577 2395 1708 2461 constat,
1735 2387 1774 2449 ita
1801 2395 1836 2452 nt
1857 2386 2063 2449 difficillimum

359 2499 399 2562 sit
425 2499 521 2580 aliqua
549 2519 617 2563 curn
653 2499 860 2581 probabilitate
887 2501 1011 2563 delinire
1038 2501 1207 2564 occasiones
1238 2503 1282 2564 rel
1317 2509 1467 2580 tempore,
1500 2499 1609 2581 quibos
1641 2499 1774 2581 singulae
1807 2500 1886 2580 leges
1913 2517 1929 2562 8
1955 2505 2063 2562 senatu

361 2611 530 2693 populoque
553 2612 778 2676 Atheniensium
800 2622 920 2676 sancne
939 2613 1010 2677 sint
1055 2613 1128 2676 (ium
1152 2631 1219 2675 rsro
1241 2613 1357 2694 saepius
1380 2613 1490 2676 lactum
1521 2613 1573 2686 sit,
1601 2620 1635 2675 ut
1664 2613 1743 2692 leges
1765 2612 1855 2674 ctiam
1878 2611 1939 2674 sire
1961 2611 2064 2691 negle-

363 2723 460 2802 gentia
483 2723 545 2786 sire
567 2725 700 2788 socordia
717 2725 945 2805 magistratuum
961 2725 1022 2788 sire
1037 2724 1240 2804 largitionibus
1256 2741 1369 2797 eorum,
1393 2723 1501 2806 quibus
1516 2726 1615 2806 legum
1630 2724 1890 2789 inscribendarurn
1906 2723 2062 2804 negotium

360 2843 423 2898 erat
445 2835 629 2909 mandatum,
652 2846 817 2918 corruptae,
839 2837 965 2911 vitiatae,
988 2837 1182 2918 interpolatae
1203 2838 1309 2916 sint'),
1341 2837 1493 2901 interdurn
1517 2850 1614 2902 autem
1637 2859 1654 2902 8
1676 2841 1787 2922 populo
1809 2840 1875 2920 ipso
1897 2846 2061 2916 senatuque

359 2949 438 3028 leges
460 2949 588 3030 perlatae
609 2950 679 3022 sint,
703 2968 778 3031 quae
800 2949 865 3014 aliis
887 2950 945 3013 lam
968 2952 1082 3014 dudum
1104 2949 1272 3013 constitutis
1295 2950 1461 3024 contrariae
1489 2962 1582 3025 erent,
1605 2963 1640 3016 ut
1660 2951 1858 3033 litigatoribus
1886 2951 1963 3031 leges
1982 2948 2059 3010 inter

359 3080 392 3124 se
414 3070 613 3142 repugnantes
635 3062 976 3144 deprehenderentur⁸),
1008 3080 1233 3145 nonnumquam
1262 3063 1435 3126 recensione
1462 3075 1493 3128 et
1524 3067 1728 3146 recognitione
1760 3066 1861 3145 legum
1887 3080 1963 3145 opus
1986 3067 2059 3134 erat,

364 3191 441 3255 quae
462 3194 479 3236 a
502 3174 624 3254 collegio
646 3173 801 3238 hominum
824 3175 899 3240 iuris
921 3175 1013 3238 civilis
1035 3176 1173 3256 sacrique
1195 3176 1443 3258 peritissimorum
1466 3179 1685 3243 instituebatur.
1722 3179 1907 3259 Quamquam
1927 3175 2001 3238 haec
2020 3172 2060 3235 ita

359 3311 392 3352 se
414 3291 533 3364 babent,
556 3301 655 3354 nmen
678 3291 756 3372 leges
779 3292 817 3354 de
839 3293 928 3356 caede
950 3295 1076 3374 perlatas
1092 3293 1231 3356 omnibus
1251 3292 1436 3376 temporibus
1460 3294 1589 3373 integras
1612 3294 1673 3356 lere
1693 3293 1819 3373 viguisse
1834 3289 1977 3353 certiores
1992 3285 2060 3350 lacti

359 3421 478 3478 somus;
499 3421 604 3466 omnes
627 3406 707 3466 enirn
730 3405 891 3488 scriptores
912 3415 1037 3476 veteres,
1061 3405 1170 3487 quibus
1193 3405 1266 3468 fldee
1288 3406 1450 3468 adhibenda
1473 3415 1533 3479 est,
1557 3407 1636 3486 leges
1658 3405 1695 3468 de
1716 3405 1805 3467 caede
1826 3403 2020 3485 praescriptas
2042 3415 2058 3458 a

359 3515 491 3578 llracone
521 3514 688 3593 legislatore
712 3535 833 3598 semper
853 3519 978 3580 Athenis
1004 3517 1036 3580 in
1070 3518 1237 3581 honoribus
1264 3519 1356 3582 luisse
1385 3519 1546 3582 memoriae
1576 3515 1803 3597 tradiderunt').
1849 3515 1904 3578 llas
1931 3517 2058 3593 integrat

360 3627 428 3690 Solo
456 3629 648 3692 transtulerat
674 3629 706 3690 in
734 3628 848 3692 tabulas
874 3649 958 3703 suas,
993 3631 1122 3694 tortasse
1156 3641 1256 3694 autem
1290 3632 1441 3694 nonnullis
1474 3632 1559 3694 tactis
1593 3627 1889 3698 commutationibus,
1919 3645 1996 3710 quae
2024 3622 2060 3686 ad

359 3737 539 3801 iudiciorum
561 3737 781 3802 institutionem
806 3751 835 3804 et
856 3761 905 3804 res
928 3761 982 3823 pro
1009 3752 1180 3823 temporum
1207 3744 1321 3806 adone
1348 3743 1529 3807 necessarias
1557 3741 1800 3825 pertinebantm).
1848 3742 1944 3822 Atque
1972 3737 2062 3802 stiam

492 3893 515 3958 ¹)
532 3893 614 3946 hleier
631 3911 654 3946 o.
674 3893 839 3961 Schoeneus,
857 3897 909 3949 Der
926 3899 1035 3951 attirche
1054 3897 1162 3952 Proeesr
1180 3916 1203 3969 p.
1222 3901 1281 3953 818.

493 3978 515 4046 1)
532 3980 601 4045 Alla,
619 3995 683 4047 qnae
700 3981 801 4035 88181888
818 3999 833 4036 8
851 3981 908 4036 loro
921 3985 1010 4037 Attico
1028 3985 1175 4050 abhorreat,
1193 3986 1302 4051 collegit
1314 3985 1445 4051 llohminr,
1462 3987 1511 4039 1118
1525 3985 1629 4051 beltrag
1640 4001 1688 4036 sor
1698 3981 1783 4048 Frage
1800 3983 1863 4035 ‘dher
1881 3983 1923 4035 dle
1941 3979 2064 4032 llehthelt

359 4069 406 4120 der
422 4065 588 4130 Tetraloglen
607 4065 637 4134 ll,
656 4083 678 4135 p.
701 4069 711 4120 l
732 4084 769 4137 sq.
789 4067 821 4122 81.
841 4069 988 4135 llartnenn,
1006 4071 1096 4126 Stadia
1113 4073 1294 4142 Antiphontea,
1312 4073 1392 4138 bugd.
1412 4075 1499 4126 batur.
1520 4073 1594 4138 1881,
1612 4089 1636 4140 p.
1655 4071 1724 4140 8811.

494 4152 516 4219 1)
533 4154 614 4217 blare,
633 4153 681 4206 nie
698 4161 745 4207 att.
765 4155 866 4209 beredo.
883 4155 915 4210 11
932 4157 1057 4226 plrasq.

492 4241 515 4306 ⁴)
533 4239 650 4309 Philippi,
670 4239 719 4292 Der
736 4242 856 4310 Areopag
874 4246 924 4295 ond
941 4245 984 4296 dle
1001 4243 1124 4313 llpheten.
1144 4245 1211 4297 llerl.
1232 4245 1307 4298 1871.

493 4327 516 4393 1)
534 4325 662 4393 lieri-lich,
679 4327 727 4380 nie
746 4328 907 4381 Verba-eche·
926 4345 1006 4397 gegen
1024 4333 1069 4384 des
1089 4331 1172 4384 beben
1192 4331 1255 4384 88818
1272 4332 1407 4384 attlsehem
1425 4331 1513 4386 liecht.
1548 4333 1616 4385 llerl.
1636 4331 1710 4384 1888.

491 4413 514 4480 η
532 4413 631 4477 hellel,
650 4399 718 4466 duae
736 4415 778 4467 aas
796 4423 953 4482 ragenerus
970 4407 1154 4483 8818888811
1174 4416 1393 4487 comprimor.
1429 4417 1592 4485 nererugran
1611 4419 1684 4474 rese.

494 4501 514 4564 1)
533 4500 664 4569 Lysinia
675 4499 819 4553 1118888818.
829 4500 845 4567 A
855 4502 937 4567 a-a;
947 4503 1056 4569 rat-21,
1066 4503 1098 4556 81.
1108 4503 1198 4571 Glilde,
1208 4504 1378 4572 Quertlenes
1387 4508 1418 4558 de
1427 4505 1523 4576 Lysiae
1534 4508 1651 4558 aratione
1659 4507 1686 4558 18
1695 4502 1883 4556 Nicomachum.
1894 4498 2060 4554 1188811881.

492 4587 512 4652 1)
532 4587 625 4654 Lysias
643 4585 670 4638 18
687 4585 832 4640 1118888881.
849 4587 867 4656 ἦ
884 4589 899 4640 3
915 4591 962 4642 καί
981 4590 1009 4642 cl
1025 4588 1160 4645 ἀντίδικοι
1177 4591 1224 4644 dul
1240 4595 1298 4652 τοῖς
1315 4591 1501 4660 δικαστηρίοις
1516 4591 1655 4648 ἐναντίους
1673 4591 1849 4660 παρείχοντο.

495 4671 516 4737 1)
535 4671 665 4728 Plutarch.
689 4673 737 4726 rit
756 4673 811 4726 881.
832 4691 854 4728 8.
875 4675 907 4727 lt
928 4670 1086 4750 Δράκοντος
1107 4668 1210 4748 νόμους
1230 4673 1321 4734 ἀνεῖλε
1346 4683 1391 4746 (rc.
1410 4673 1515 4744 Σόλων)
1543 4675 1617 4744 πλὴν
1642 4675 1699 4746 τῶν,
1721 4671 1844 4746 φονικῶν
1868 4667 2001 4730 demer-
2026 4667 2060 4722 οἱ·

359 4758 462 4826 Antlph.
483 4759 514 4824 V,
533 4759 579 4820 143
599 4757 640 4823 Vl,
659 4759 682 4811 2.

483 4844 515 4908 11)
532 4845 633 4898 Aellsa.
653 4846 683 4896 V.
704 4847 732 4897 ll.
753 4845 819 4912 Vlll,
838 4848 870 4900 lu
887 4839 1001 4902 Σόλωνα
1019 4847 1127 4922 aigands
1134 4845 1277 4917 Ἀθηναῖοι
1288 4852 1449 4918 προείλοντο
1468 4845 1676 4920 ἅρχειναῦτοῑς,
1694 4841 1727 4901 οὗ
1739 4843 1796 4916 γὰρ
1807 4843 1944 4916 κληρωτὸν
1955 4843 2058 4897 τοῦτον·

359 4929 421 4984 derel
438 4928 467 4983 dl
484 4925 580 5001 q‘ppddq,
598 4922 631 4982 rei
648 4947 676 4984 ra
694 4927 762 4984 ἄλλα
779 4925 915 5003 ἐκόσμησε
938 4933 989 5002 τὴν
1009 4929 1093 4992 πόλιν
1109 4940 1156 4990 καί
1177 4934 1210 5010 dp
1229 4939 1275 4990 κα1
1295 4933 1360 4996 τοὺς
1380 4933 1484 5008 νόμους
1509 4933 1575 4995 τοὺς
1598 4933 1661 4988 νῦν·
1688 4933 1726 4988 ἔτι
1751 4934 1797 4989 καί
1822 4930 1882 4986 τότε
1906 4920 2060 4984 ἐπαύσαντο

358 5010 496 5084 Ἀθηναῖοι
510 5013 653 5088 χρώμενοι
668 5021 724 5077 τοῖς
739 5017 899 5096 Δράκοντος
913 5019 1059 5076 ἐκαλοῦντο
1076 5022 1106 5077 dt
1122 5023 1220 5080 ἐκεῖνοι
1237 5027 1346 5094 θεσμοί
1368 5021 1471 5093 μόνους
1487 5021 1517 5076 δὲ
1533 5013 1670 5093 ἐφύλαξαν
1686 5017 1753 5080 τοὺς
1769 5017 1899 5090 φονικοὺς
1915 5014 2004 5070 waltoff·
2027 5013 2060 5067 tf·

361 5105 553 5170 tabellaeque
571 5105 672 5157 8818818
691 5107 791 5172 legibus
809 5110 873 5176 apud
893 5117 969 5161 orett.
988 5111 1067 5162 Attie.
