4562 5568
1088 278 1294 342 -14..

336 453 454 535 scriptis
484 451 630 516 tironibus
662 453 816 516 destinatis
845 474 859 515 a
886 453 996 534 vulgari
1024 474 1163 518 sermone
1189 455 1286 518 dttico
1317 455 1446 519 alienum
1478 463 1508 516 et
1539 453 1741 534 neglegentius
1769 454 1918 518 scribendi
1946 471 2041 533 genus

337 565 504 628 exhibuerit
526 586 615 646 quam
641 565 671 628 iu
695 567 880 628 orationibus
902 586 956 648 pro
980 567 1119 630 tribunali
1142 568 1258 642 habitis,
1283 576 1316 630 ut
1335 569 1438 631 auimo
1461 569 1573 649 capiam
1596 587 1658 630 raon
1673 567 1788 658 lsoilea
1805 587 1853 630 me
1867 568 2040 647 impetrabo.

337 674 444 738 lntmo!
468 696 536 740 cunr
560 678 696 758 discipuli
720 695 780 739 non
804 680 894 741 modo
915 681 1032 758 ingenia
1055 699 1107 742 sua
1131 697 1236 742 acuere
1258 681 1308 742 sed
1331 680 1419 741 etiam
1443 699 1613 743 sermonem
1638 681 1765 742 Atticum
1788 681 1938 743 sincerum
1962 691 2042 743 recte

335 789 475 870 loquendi
508 791 676 852 facultatem
709 791 822 853 discere
853 791 1010 864 deberent,
1045 791 1190 872 imprimis
1217 791 1247 854 in
1278 790 1386 854 talibus
1414 794 1531 874 scriptis
1559 793 1736 856 'elocutionis
1764 791 1942 854 sinceritatis
1971 809 2041 871 per·

337 902 560 983 spicuitatisque
586 903 661 965 ratio
690 914 753 966 erat
780 903 923 965 habenda.
976 909 1071 985 htque
1102 904 1191 966 etiam
1219 903 1380 980 BIassius¹l
1411 905 1584 968 elocutionis
1614 903 1824 976 dillerentiarn,
1857 922 1933 984 quse
1962 904 2041 966 inter

338 1015 503 1094 tetralogias
527 1025 558 1078 et
579 1016 730 1078 orationes
760 1016 886 1096 reliquas
912 1017 1052 1090 interest,
1081 1035 1118 1078 ex
1147 1017 1348 1098 temporibus.
1378 1015 1487 1096 quibus
1516 1018 1744 1080 declamationes
1767 1017 1946 1096 compositae
1969 1016 2039 1089 sint,

338 1127 539 1190 deducendam
563 1147 629 1190 esse
652 1129 805 1202 concedit3
836 1147 903 1190 nam
932 1129 1017 1191 aliter
1039 1131 1168 1193 scribere
1191 1132 1327 1192 iuvenem
1350 1131 1500 1211 quendam
1523 1141 1674 1204 constare,
1703 1131 1791 1194 aliter
1811 1149 1930 1202 senem,
1958 1131 2042 1192 aliter

338 1243 389 1324 qui
415 1243 446 1304 in
477 1245 637 1306 excolenda
666 1255 727 1306 arte
754 1264 788 1306 se
814 1255 963 1318 exerceat,
992 1247 1077 1310 aliter
1105 1249 1155 1328 qui
1183 1249 1217 1310 sd
1249 1265 1400 1310 summum
1429 1244 1500 1306 artis
1529 1245 1673 1338 oratoriaq
1694 1244 1841 1321 fastigium
1866 1243 2040 1323 pervenerit.

338 1357 396 1418 Sed
425 1358 591 1418 orationem
626 1358 655 1418 in
687 1375 844 1420 novercam
871 1357 1002 1420 habitam
1030 1359 1067 1420 ab
1094 1359 1276 1440 Antiphonte
1305 1361 1410 1422 iuvene
1440 1357 1639 1436 conscriptam
1669 1375 1735 1418 esse
1762 1374 1831 1417 cum
1865 1373 1954 1436 supra
1982 1355 2039 1416 iam

338 1469 509 1540 viderimus,
532 1469 584 1551 qui
606 1469 717 1532 lactum
740 1470 788 1543 sit,
813 1478 846 1532 ut
867 1470 1089 1551 tetralogiarum
1113 1472 1233 1552 quidem
1257 1472 1362 1544 dictio,
1385 1472 1410 1534 si
1432 1471 1496 1534 illas
1520 1470 1670 1532 orationes
1693 1468 1797 1530 eodem
1821 1469 1884 1530 lere
1906 1479 2042 1546 tempore

338 1582 519 1661 compositas
542 1599 607 1644 csse
630 1583 782 1663 ponimus,
813 1583 849 1644 ab
871 1583 975 1664 quinta
998 1593 1138 1664 sertaque
1161 1583 1346 1648 orationibus
1368 1584 1451 1647 valde
1472 1583 1645 1654 abhorreat,
1673 1582 1786 1663 primae
1809 1588 1908 1641 autern
1933 1579 2040 1640 mirum

338 1694 368 1755 in
396 1695 519 1756 modum
550 1712 617 1756 cum
647 1694 704 1754 illis
733 1695 918 1757 orationibus
946 1693 1114 1775 congruat?
1169 1695 1250 1770 Quas
1277 1695 1465 1760 difficultates
1495 1697 1624 1758 Blassius
1658 1711 1691 1756 ea
1719 1711 1752 1754 re
1780 1692 1870 1764 tollit,
1905 1691 1983 1772 quod
2011 1692 2041 1752 in

339 1805 521 1868 orationibus
543 1807 579 1869 ad
604 1824 690 1868 usum
714 1806 867 1886 publicum
891 1807 1043 1871 destinatis
1067 1807 1228 1887 unicuique
1251 1809 1362 1870 oratori
1383 1809 1475 1886 magis
1490 1825 1660 1870 sermonem
1679 1805 1835 1868 hominurn
1851 1823 2041 1866 communem

340 1929 370 1982 et
398 1919 546 1999 vulgarem
573 1919 758 2000 sequendum
787 1939 853 1982 esse
883 1921 1049 1994 contendit,
1077 1921 1101 1982 si
1129 1920 1174 1994 id,
1202 1921 1281 2001 quod
1310 1919 1365 1982 sibi
1393 1920 1601 2002 proposuerit,
1636 1918 1713 1980 ellici
1736 1917 1817 1992 velit3
1848 1935 1944 1996 neque
1973 1934 2041 1977 vero

340 2033 561 2112 tetralogisrum
584 2051 676 2112 genus
699 2032 824 2102 dicendi,
851 2049 926 2111 quae
949 2049 1010 2094 non
1035 2033 1122 2095 certis
1144 2042 1175 2096 et
1195 2035 1272 2096 veris
1295 2033 1390 2094 causis
1413 2035 1488 2113 apud
1512 2033 1625 2095 iudices
1648 2031 1807 2094 tractandis
1828 2029 2042 2109 respondeant,

340 2145 376 2207 ad
400 2163 534 2207 normam
558 2145 735 2208 cotidianam
760 2144 900 2225 loquendi
923 2163 995 2208 usus
1019 2146 1132 2208 referre
1156 2149 1353 2208 necessarium
1383 2163 1462 2219 esse,
1496 2146 1546 2208 sed
1574 2146 1605 2206 in
1633 2145 1679 2206 bis
1706 2141 1899 2206 oratiunculis
1927 2140 2041 2204 auctori

340 2259 431 2336 magis
454 2259 542 2320 licere
565 2257 607 2320 eis
631 2258 685 2334 uti,
708 2257 834 2338 quaein
858 2267 989 2320 mentem
1013 2259 1039 2320 ei
1063 2258 1192 2321 veniant
1239 2257 1297 2319 Nos
1321 2257 1439 2338 quidam
1464 2257 1610 2320 Blossium
1634 2257 1798 2320 sententias
1822 2255 1859 2317 de
1881 2253 2041 2332 tetralogiis

338 2375 415 2437 iuter
443 2393 475 2436 se
504 2375 667 2438 contrarias
696 2376 856 2457 protulisse
885 2377 1018 2438 videmus
1046 2375 1246 2456 disputantem
1272 2393 1340 2436 mox
1363 2393 1412 2436 eas
1433 2372 1471 2435 ab
1493 2371 1677 2452 Antiphonte
1705 2367 1926 2431 exercitationis
1954 2384 2042 2428 causa

340 2489 430 2550 lactas
453 2506 522 2550 mox
544 2487 693 2569 discipulis
716 2487 751 2550 ad
774 2487 952 2550 imitandum
985 2507 1050 2550 esse
1084 2487 1260 2569 propositas.
1304 2486 1367 2561 Qua
1395 2487 1425 2548 in
1452 2505 1484 2548 re
1513 2484 1674 2547 marimum
1702 2482 1861 2544 discrimen
1888 2497 1955 2541 esse
1981 2488 2042 2540 sta·

339 2604 484 2666 tuendum
510 2605 583 2667 mihi
606 2605 737 2676 videtum
758 2607 782 2667 si
806 2607 885 2667 enim
907 2606 975 2686 quis
999 2605 1071 2668 tales
1087 2605 1315 2667 declamationes
1331 2599 1548 2666 exercitationis
1564 2614 1650 2659 eausa
1666 2593 1829 2674 componit,
1852 2591 1910 2654 nisi
1925 2591 2041 2653 iuvenis

339 2717 498 2778 admodum
522 2718 579 2779 boe
599 2717 695 2780 lacere
717 2735 778 2780 nou
802 2727 913 2798 potest,
945 2725 979 2780 ut
1004 2719 1061 2780 hoc
1088 2718 1176 2779 modo
1199 2716 1347 2798 paullatim
1371 2716 1401 2776 in
1423 2723 1487 2776 arte
1510 2729 1563 2772 sua
1598 2707 1788 2792 progrediens
1821 2704 1857 2766 ad
1890 2721 2039 2766 summam

337 2831 485 2892 sermonis
507 2830 678 2909 elegantiam
703 2831 869 2910 perveniam
891 2829 937 2892 siu
959 2841 1058 2892 atatem
1081 2829 1148 2910 quis
1171 2829 1201 2890 in
1224 2829 1356 2891 animum
1380 2825 1495 2888 induxit
1517 2822 1676 2902 discipulos
1698 2819 1770 2882 artis
1793 2817 1940 2878 oratoriae
1956 2817 2037 2878 rudi·

340 2942 449 3004 mentis
471 2943 615 3016 imbuere,
637 2943 738 3024 ipsum
761 2943 819 3004 iam
843 2943 1028 3023 eloquentiae
1048 2943 1166 3004 laudem
1188 2950 1218 3005 et
1240 2941 1463 3023 amplitudinem
1485 2949 1605 3000 nactum
1629 2952 1694 2996 esse
1708 2951 1744 2994 ex
1759 2931 1876 3011 scriptis
1891 2930 2036 3010 quodam-

340 3054 427 3116 modo
455 3057 592 3133 cognosci
622 3065 747 3136 oportet
800 3055 857 3118 Sed
886 3055 1027 3135 quoniam
1061 3073 1151 3135 supra
1178 3053 1276 3137 aliqua
1307 3073 1374 3117 eum
1407 3048 1613 3134 probabilitate
1644 3045 1810 3110 ostendisse
1839 3043 1910 3104 mibi
1937 3041 2038 3104 videor

338 3167 551 3246 Antiphontem
573 3167 831 3248 quadragesimum
854 3167 958 3230 aetatis
980 3187 1093 3231 anuum
1117 3170 1225 3248 egisse,
1256 3187 1323 3230 cum
1353 3165 1519 3244 tetralogiae
1543 3161 1704 3239 divulgatae
1726 3159 1800 3232 sint,
1827 3157 1893 3236 quis
1920 3154 2039 3234 estqui

340 3288 425 3358 putet
450 3280 531 3342 illum
566 3297 600 3342 ea
630 3280 751 3341 demum
786 3287 881 3340 aetate
910 3280 983 3342 iuris
1012 3280 1103 3342 civilis
1131 3283 1266 3361 sacrique
1300 3279 1435 3360 peritiam
1463 3284 1654 3338 consecutum
1681 3291 1747 3334 esse
1775 3278 1806 3332 et
1832 3267 2038 3330 auctoritatem

338 3391 521 3471 gratiamque
543 3391 620 3471 apud
644 3393 785 3472 populum
809 3393 1033 3454 Atheniensium
1061 3391 1117 3454 sibi
1144 3394 1329 3464 conciliasse,
1362 3391 1470 3469 scripta
1501 3387 1645 3468 quaedam
1676 3385 1707 3446 in
1739 3380 1889 3464 publicum
1920 3379 2038 3459 prodire

338 3503 471 3572 iussisse,
500 3503 661 3583 inquibus
685 3521 744 3565 non
773 3515 832 3564 tam
860 3523 959 3566 sermo
990 3505 1110 3566 minime
1140 3505 1286 3587 expolitus
1309 3504 1482 3583 alienusque
1504 3499 1542 3561 ab
1567 3499 1673 3560 usitato
1696 3497 1794 3556 httieo
1816 3511 1905 3573 quam
1931 3491 2037 3553 multae

341 3615 483 3676 vanitates
506 3626 537 3679 et
558 3616 687 3697 ineptiae
709 3613 924 3678 inveniuntur?
968 3616 1071 3698 Neque
1097 3619 1177 3678 enim
1207 3618 1263 3678 hoc
1289 3615 1450 3677 consociari
1477 3621 1576 3692 potest
1597 3627 1664 3672 cum
1688 3605 1898 3686 Thucydidis¹l
1922 3603 2039 3673 iudicio,

340 3728 420 3808 quod
445 3724 741 3808 Pseudoplutarehi³l
767 3726 863 3790 verbis
887 3729 1106 3807 comprobatur.

481 3839 584 3921 ltaque
608 3857 788 3920 quocunque
810 3841 944 3902 animum
966 3851 1102 3902 nostrum
1126 3839 1338 3912 convertimus,
1363 3838 1505 3900 maximae
1521 3835 1709 3898 difficultates
1725 3839 1928 3900 succrescunt,
1951 3837 2041 3908 atque

339 3951 454 4014 etiamsi
476 3973 509 4014 ea
528 3953 588 4026 eis,
619 3971 694 4034 quae
717 3953 814 4022 attuli,
846 3969 967 4032 prorsus
998 3953 1133 4015 nondum
1161 3953 1237 4015 ellici
1266 3951 1337 4013 mihi
1365 3951 1501 4012 uouemus
1528 3967 1594 4010 sum
1618 3944 1792 4025 hvrtiphouti
1817 3943 1923 4004 iniuria
1946 3948 2040 4002 tetra-

338 4066 430 4145 logias
453 4064 584 4127 subditas
607 4084 685 4136 esse,
713 4065 770 4126 nisi
798 4082 872 4126 nova
900 4075 1073 4144 argumenta
1101 4067 1136 4128 ad
1160 4065 1337 4130 sententiam
1367 4082 1461 4126 meam
1494 4058 1726 4124 confirmandam
1750 4057 1908 4126 accedunt,
1937 4062 2039 4114 tamen

338 4179 566 4240 tundamentum
594 4177 707 4258 ipsum,
740 4194 800 4257 quo
828 4177 958 4239 virorum
987 4178 1143 4240 doctorum
1171 4177 1328 4257 opiniones
1358 4176 1509 4247 nituntur,
1545 4191 1606 4235 non
1639 4171 1709 4232 satis
1739 4168 1865 4230 firmiter
1891 4173 2038 4227 structum

341 4289 467 4352 dilucide
490 4291 711 4352 demonstrasse
735 4288 808 4350 mibi
831 4289 941 4350 videor.

1174 4479 1209 4542 Π.

408 4711 412 4722 .
482 4621 630 4696 Quoniam
653 4620 750 4700 priore
773 4619 980 4700 disputationis
1004 4628 1088 4700 parte
1117 4629 1147 4683 et
1169 4639 1185 4682 e
1207 4618 1467 4700 grammaticorum
1498 4614 1677 4680 testimoniis
1707 4612 1754 4674 vix
1780 4609 1851 4672 certi
1880 4608 2037 4691 quicquam

340 4743 391 4798 aut
412 4735 526 4797 indubii
548 4733 692 4797 constitui
714 4745 744 4795 et
766 4735 901 4795 omnium
926 4734 1055 4796 virorum
1079 4735 1252 4806 sententias,
1275 4731 1327 4813 qui
1351 4731 1526 4812 Antiphonti
1542 4725 1769 4792 declamationes
1785 4723 1956 4786 tribuendas
1972 4738 2038 4781 asse

476 4908 496 4972 ¹)
516 4907 562 4960 llic
578 4914 627 4958 att.
646 4905 804 4959 lleradmmk.
822 4905 856 4973 1¹,
875 4922 898 4974 p.
919 4906 976 4960 toa.

475 4995 496 5060 ¹]
514 4995 559 5048 lib.
579 4992 642 5058 l'lll,
655 4993 687 5046 68
706 4982 846 5062 κράτιστος
862 4992 1058 5062 ἐνθυμηθῆναι
1074 4987 1222 5062 γενόμενος
1238 4991 1285 5044 καὶ
1301 4985 1319 5043 ἃ
1337 4991 1416 5060 γνοίη
1432 4988 1528 5042 sturia.

474 5081 496 5148 ³)
515 5081 576 5134 vita
594 5081 698 5149 antiph.
718 5079 773 5134 ἔστι
791 5077 847 5134 dtr
863 5083 919 5138 τοῖς
937 5076 1028 5148 λόγοις
1044 5067 1164 5151 ἀκριβής.
