4562 5568
248 501 358 564 iudicio
374 498 587 579 Antiphontem
604 499 782 580 Thucydidis
808 501 978 580 magistrum
1004 499 1137 578 luisse¹t
1176 499 1254 562 Duos
1277 507 1377 561 autem
1401 499 1561 580 scriptores
1585 501 1641 562 boc
1663 501 1783 564 nomine
1805 501 1954 582 praeditos

250 613 341 674 luisse
364 612 567 691 Hermogenes
591 609 779 689 dictitarit2).

392 723 505 798 Quodsi
528 722 680 802 Paliliusl)
704 742 738 784 ex
761 742 809 796 eo,
839 724 919 804 quod
943 725 1237 806 Pseudoplutarcbus
1259 725 1289 786 in
1315 725 1369 786 rita
1394 724 1495 786 decem
1519 734 1672 788 oratorum
1695 745 1843 808 nusquam
1866 736 1958 790 tetra-

249 840 394 917 lugiarum
423 836 609 899 mentionem
643 835 761 908 lecerit,
795 836 890 916 eliqua
926 857 993 900 oum
1029 837 1233 918 probabilitate
1268 838 1379 918 suspici
1413 856 1502 917 posse
1525 847 1637 912 censet,
1670 840 1752 901 illum
1783 841 1829 904 rel
1857 840 1957 921 potius

252 951 410 1013 Caecilium
439 949 636 1019 celestinum,
672 967 705 1009 ex
738 949 822 1010 cuius
855 947 929 1011 libro
958 951 1247 1032 Pseudoplutarohus
1281 949 1407 1030 plurima
1442 950 1624 1032 desumpsit,
1658 952 1722 1014 illas
1754 953 1954 1015 oretiunoules

253 1065 378 1125 omnino
401 1081 462 1125 non
483 1062 646 1124 noscitesse
668 1071 719 1122 aut
742 1061 858 1141 spurias
882 1063 1033 1134 babuisse,
1064 1065 1120 1126 hoc
1148 1083 1182 1126 ex
1211 1082 1275 1126 mee
1299 1063 1420 1144 quidem
1443 1063 1591 1126 sententie
1615 1063 1663 1126 vili
1686 1064 1877 1146 pendendum
1900 1072 1956 1127 est.

252 1175 284 1238 Si
320 1176 398 1237 anim
424 1173 713 1254 Pseudoplutercbus
747 1175 846 1236 omnia
873 1176 1065 1256 Antiphontis
1097 1177 1207 1257 scripte
1241 1195 1276 1240 ex
1309 1176 1414 1238 ordine
1449 1185 1653 1240 enumerasset
1683 1183 1711 1238 ct
1737 1178 1957 1258 percensuisset

255 1287 371 1349 omissis
397 1287 571 1366 tetralogiis,
600 1287 672 1349 haec
697 1305 745 1348 res
773 1287 967 1351 admiratione
995 1289 1081 1369 digna
1110 1299 1189 1352 esset
1211 1298 1241 1350 et
1264 1289 1362 1368 magui
1385 1288 1540 1369 ponderis,
1568 1297 1657 1369 atque
1679 1290 1848 1370 tetralogies
1871 1290 1958 1352 nuti-

254 1400 675 1481 pbootiebiudicendasesse
699 1415 855 1481 procerte
879 1401 1025 1464 adfirmari
1052 1413 1167 1484 posset3
1202 1421 1269 1464 cum
1302 1419 1371 1464 vcro
1401 1401 1431 1464 iu
1462 1399 1571 1464 nullius
1600 1402 1743 1464 orationis
1773 1403 1958 1466 mentionem

251 1513 388 1574 inciderit
410 1513 466 1576 nisi
489 1514 526 1576 de
542 1513 665 1575 llsrodis
688 1514 776 1576 caede
800 1513 915 1578 habitae
940 1533 1110 1596 earumque,
1135 1535 1210 1596 quae
1233 1533 1350 1597 semper
1372 1515 1498 1576 summis
1520 1514 1658 1576 laudibus
1680 1515 1773 1577 elatae
1788 1525 1867 1588 sunt,
1890 1515 1957 1595 quis

251 1632 312 1701 est,
342 1627 392 1705 qui
421 1636 499 1689 certa
528 1628 642 1690 ratione
668 1628 849 1690 contendere
875 1630 983 1690 audeat
1014 1629 1101 1691 etiarn
1126 1629 1284 1691 Caecilium
1312 1627 1480 1707 tetralogiaa
1505 1627 1622 1690 silentio
1646 1628 1885 1708 praetermisisse
1907 1639 1959 1690 aut

250 1737 366 1820 spurias
390 1737 531 1819 putasse?
557 1739 713 1802 Praeterea
737 1740 839 1802 l‘ablio
862 1742 996 1804 assentiri
1021 1759 1080 1803 non
1097 1759 1220 1822 possum
1237 1741 1379 1804 statuenti
1397 1738 1560 1818 tetralogias
1576 1748 1698 1821 propter
1715 1740 1955 1820 singularitatem

251 1850 405 1912 aCaecilio
429 1859 459 1913 et
476 1851 752 1933 Pseudoplutarcbo
774 1854 1051 1916 commemorandas
1074 1855 1176 1925 luisse,
1199 1854 1223 1916 si
1247 1853 1289 1916 illi
1312 1854 1367 1915 viri
1389 1869 1436 1915 eas
1460 1851 1603 1932 genuinas
1627 1852 1817 1915 iudicassent.
1856 1854 1959 1936 Neque

253 1963 332 2024 enim
364 1963 400 2025 eb
429 1965 615 2045 Antiphonte
644 1974 760 2028 mutum
787 1967 843 2028 hoc
872 1967 1039 2028 orationum
1074 1985 1167 2046 genus
1194 1967 1344 2030 excultum
1372 1967 1423 2029 sed
1455 1967 1513 2027 iem
1544 1974 1613 2028 ante
1641 1966 1720 2028 bunc
1747 1986 1762 2028 a
1791 1967 1902 2030 Corace
1929 1979 1959 2030 et

253 2077 330 2138 Tisia
352 2077 506 2140 inventum
531 2097 595 2142 ease
618 2079 794 2159 Spengelius
817 2080 931 2142 idoneis
954 2080 1139 2159 argumentis
1162 2080 1256 2142 alletia
1281 2077 1542 2160 demonstravit⁴).

395 2190 551 2272 Reliquum
579 2203 638 2265 est,
673 2203 708 2254 ut
738 2200 867 2255 veterum
897 2193 1050 2255 rhetorum
1080 2193 1187 2254 iudicis
1216 2201 1246 2254 et
1274 2193 1456 2262 testimonia,
1491 2209 1567 2272 quas
1593 2192 1702 2271 passim
1730 2191 1768 2253 de
1795 2193 1957 2272 tetralogiis

252 2302 529 2382 deprehenduntur,
552 2321 727 2367 enumerem
751 2315 849 2386 etque,
873 2317 983 2385 quanta
1006 2306 1167 2368 auctoritas
1190 2307 1220 2367 in
1244 2305 1300 2368 illis
1324 2306 1405 2378 insit,
1429 2304 1593 2366 accuratius
1615 2303 1774 2384 inquiram.
1821 2305 1956 2379 Quorum

251 2433 286 2476 ex
308 2415 463 2477 rhetorum
487 2435 613 2478 numero
643 2417 691 2479 elii
719 2419 936 2496 deuterologias
964 2419 1012 2479 alii
1041 2418 1210 2496 tetrelegies
1233 2418 1446 2498 tesiphontem
1470 2417 1637 2496 divulgasse
1660 2427 1793 2480 nonant.
1840 2418 1897 2480 Sed
1921 2437 1957 2480 ex

255 2528 297 2590 eis
327 2527 435 2602 verbis,
463 2547 539 2610 quae
559 2530 600 2592 illi
622 2531 676 2592 riri
699 2532 736 2594 de
761 2531 951 2595 institutione
972 2550 1006 2594 ec
1029 2540 1132 2594 natura
1155 2530 1259 2594 talium
1282 2531 1450 2593 orationum
1474 2531 1623 2602 lecerunt,
1654 2528 1801 2592 enucleari
1823 2536 1957 2592 mutum-

255 2641 342 2702 modo
365 2649 465 2722 potest
481 2643 694 2722 Antiphontem
718 2663 837 2724 quoque
859 2644 1007 2706 eiusmodi
1030 2645 1181 2706 orationes
1203 2643 1338 2716 edidisse,
1362 2653 1463 2705 eontm
1487 2659 1560 2704 num
1585 2660 1643 2716 eae,
1666 2659 1743 2722 quae
1766 2642 1800 2704 ed
1818 2655 1874 2704 nos
1889 2659 1957 2723 per-

254 2764 413 2827 venerunt,
446 2754 664 2834 Antiphonteee
691 2757 767 2828 sint,
792 2757 889 2818 denuo
918 2757 1063 2819 dubitatio
1090 2756 1258 2820 succrescit.
1309 2757 1463 2818 Praeterea
1490 2753 1555 2816 illos
1583 2753 1717 2815 rhetores
1747 2753 1817 2816 satis
1844 2755 1958 2818 recenti

251 2873 387 2946 tempere
412 2866 505 2928 luisse
531 2868 750 2948 respiciendum
779 2881 836 2945 τοις
868 2870 1035 2949 Dolopeter
1063 2868 1143 2931 enirn
1174 2869 1266 2931 hierii
1293 2868 1480 2948 imperatoris
1507 2865 1694 2947 temporibus
1722 2866 1857 2928 homilias
1884 2885 1957 2929 oen-

250 2979 384 3058 soripsit,
412 2978 571 3059 Gregorius
595 2991 694 3042 eutem
718 2982 889 3045 Corinthius
911 2983 1030 3044 saeculo
1053 2982 1229 3044 duodecimo
1255 2983 1286 3042 in
1309 2981 1381 3043 viris
1403 2991 1480 3054 erat;
1510 2979 1567 3041 buc
1594 2978 1721 3052 accedit,
1750 2979 1828 3060 quod
1852 2997 1957 3042 eorum

254 3091 420 3154 testimonie
448 3093 484 3155 ad
513 3094 635 3156 verbum
661 3095 724 3156 lere
754 3105 939 3174 congruunt,
966 3097 1007 3159 ite
1034 3106 1068 3158 ιιι
1097 3096 1162 3158 illos
1190 3115 1225 3158 ex
1252 3097 1357 3158 eodem
1381 3096 1462 3158 fonte
1485 3093 1620 3156 hausisse
1641 3099 1692 3154 aut
1713 3109 1808 3154 uuum
1832 3093 1956 3156 alterurn

260 3203 446 3283 emtripaisse
467 3208 659 3270 statuendum
683 3207 731 3269 sit.
775 3207 867 3269 Velim
891 3209 1042 3272 conteras:

316 3335 499 3424 Ἀνιονύμοο
533 3343 655 3425 σχόλια
688 3345 736 3420 τίς
769 3341 954 3430 Ἀφθύνιον
987 3349 1079 3428 (Walz
1199 3346 1418 3430 Δοξοπάτρου
1441 3339 1571 3428 ὁμιλίαι
1595 3341 1642 3415 είς
1658 3335 1845 3424 ’Λφδόνιον
1863 3343 1957 3424 (Walz

253 3453 287 3525 n,
310 3451 374 3533 ss).
1133 3460 1168 3536 ιι,
1192 3459 1276 3536 ers).

315 3589 563 3676 δευτερολογίας
583 3595 620 3660 δὲ
642 3593 786 3680 τρόπους
808 3600 967 3682 τέσσαρας
992 3602 1078 3664 εἶναί
1197 3599 1282 3684 φασὶ
1320 3597 1360 3683 δη
1398 3596 1647 3680 δουτερολογίας
1686 3590 1832 3679 τρόπους
1868 3595 1956 3660 eivers

252 3721 368 3786 φασιν,
393 3703 440 3781 είς
463 3707 523 3792 μὲν
546 3703 600 3772 ὅτε
621 3711 680 3773 τοῦ
703 3704 805 3775 αύτού
827 3709 1007 3796 προςύπου
1022 3714 1077 3778 καὶ
1132 3715 1304 3796 τέσσαρας.
1348 3707 1368 3796 ἢ
1390 3709 1452 3795 γὰρ
1474 3711 1534 3774 τοῦ
1557 3706 1658 3773 αὐτοῦ
1681 3709 1835 3786 μένοντος
1857 3730 1958 3791 προς-

253 3815 443 3901 πρύγματος
459 3823 614 3904 μένοντος
629 3819 689 3886 δύο
704 3827 853 3902 γίνονται
869 3821 976 3904 λόγοι,
1001 3823 1078 3900 cirre
1134 3823 1227 3889 τύπου
1262 3823 1317 3886 καί
1356 3820 1549 3907 πράγματος
1578 3819 1638 3886 δύο
1669 3823 1817 3899 γίνονται
1847 3818 1954 3900 λύγοι,

251 3930 533 4016 κατηγορήσαντας
556 3935 614 3998 τοῦ
636 3933 813 4012 διώκοντος
835 3937 891 4000 καί
908 3935 1077 4025 ἀπολογη-
1134 3933 1176 4011 ὠς
1205 3941 1260 4000 ίνα
1291 3934 1575 4020 κατηγορήσαντος
1603 3933 1661 3999 τοῦ
1688 3929 1869 4017 κατηγόρου
1900 3932 1958 3996 καί

250 4047 394 4126 σαμένου
422 4047 480 4110 τοῦ
502 4043 692 4131 φεύγοντος,
724 4045 828 4125 αὖθις
857 4053 1077 4136 κατηγορῆσαι
1133 4047 1428 4133 ἀπολογησαμένου
1451 4049 1511 4112 τοῦ
1532 4046 1710 4132 φεύγοντος
1733 4041 1837 4110 πάλιν
1858 4069 1956 4130 κατη-

250 4153 307 4218 τὸν
338 4149 505 4223 διιύκοντα
544 4161 599 4222 καὶ
642 4157 871 4246 ἀνατρέπονται
903 4165 962 4248 τὴν
991 4159 1077 4227 ‹irro-
1131 4162 1253 4248 γαρηση
1276 4157 1295 4226 δ
1318 4159 1447 4226 διώκων
1469 4154 1665 4244 ἀνατρέπων
1685 4160 1745 4244 την
1769 4151 1959 4237 ἀπολογίαν

250 4267 370 4348 λογίαν
392 4275 448 4336 καὶ
471 4271 525 4337 τόν
548 4271 712 4357 φεύγοντα
735 4273 840 4340 πάλιν
862 4269 1077 4360 οἷπολογησα-
1130 4275 1185 4338 καὶ
1208 4272 1226 4339 δ
1249 4270 1380 4359 φεύγων
1402 4267 1507 4339 πόλιν
1529 4269 1779 4357 οἷπολογήσηται
1802 4270 1886 4355 πρὸς
1899 4271 1959 4355 τὴν

251 4384 340 4446 σθαι
357 4385 441 4468 πρὸς
456 4387 513 4470 την
528 4386 684 4470 δευτέραν
699 4392 908 4473 κατηγορίαν,
931 4385 974 4464 ὠς
990 4391 1077 4470 εἶχον
1129 4386 1284 4471 δευτέραν
1306 4392 1514 4474 κατηγορίαν,
1538 4382 1581 4461 ὠς
1603 4386 1692 4465 είχον
1714 4383 1751 4448 ai
1774 4384 1833 4449 τοῦ
1852 4379 1958 4448 Ἀντι-
2006 4478 2008 4483 1

251 4491 288 4557 αἱ
310 4498 369 4561 τοῦ
387 4494 604 4584 Ἀντιφῶντος
626 4502 882 4586 δευτερολογίοιι.
1129 4503 1257 4585 φύντος
1282 4497 1536 4584 δουττρολογίαι.

395 4641 504 4704 Eadem
526 4619 594 4706 lere
612 4646 698 4707 rerba
723 4646 860 4724 leguntur
883 4645 961 4724 apud
985 4643 1159 4722 Gregorium
1183 4641 1369 4704 Corinthium
1392 4643 1487 4723 (Welz
1503 4639 1562 4714 vll,
1581 4641 1686 4717 1310).

387 4879 739 4949 1ίΝίοιοὴίιο,ιίιιΤίιιιοηιί.
758 4881 860 4947 hariph.
879 4881 1004 4947 discipulo
1024 4889 1051 4931 et
1069 4881 1171 4932 llorneri
1189 4881 1330 4932 imitatore.
1367 4879 1458 4944 Progr.
1495 4881 1604 4932 Miiadea
1625 4879 1697 4930 test.

386 4965 405 5028 ί)
425 4967 505 5034 blase,
524 4968 569 5018 Die
587 4976 634 5020 att.
655 4968 814 5021 Beredsamlr.
857 4965 891 5034 ll,
913 4969 970 5021 108.

387 5053 407 5118 ⁸)
425 5053 472 5106 bia
490 5053 574 5106 Redcn
594 5055 637 5107 des
657 5056 760 5122 Autipb.
780 5073 802 5124 ρ.
816 5056 839 5106 8.

387 5142 408 5205 ⁴)
426 5139 576 5212 Συναγωγή
597 5144 699 5212 τεχνῶν
718 5161 740 5212 p.
754 5144 794 5194 33.
