4562 5568
977 265 1269 332 .-26-

315 445 402 509 verba
436 444 473 508 ab
506 455 620 508 oratore
656 445 685 506 in
721 444 835 525 epilogo
869 463 934 507 esse
965 445 1038 508 lacta
1069 446 1214 528 imprimis
1247 445 1494 510 considerandum
1517 455 1574 520 est,
1609 447 1636 508 iu
1666 465 1724 530 quo
1759 448 1886 512 iudicum
1920 449 2010 513 animi

314 560 349 620 ad
373 559 602 621 misericordiam
626 565 870 638 permoverentur
892 566 921 618 et
942 558 1207 639 supplicationibus
1230 559 1264 622 ad
1288 559 1475 620 clementiam
1499 559 1539 621 ita
1561 560 1800 638 dellecterentur,
1829 574 1862 626 ut
1891 581 2009 642 semper

314 672 461 734 calamitas
485 671 595 734 idoneis
621 670 738 732 uocibus
762 669 997 750 amplificaretur.
1044 671 1108 734 lluc
1129 673 1255 747 accedit,
1282 673 1360 754 quod
1389 671 1512 734 omnino
1540 674 1762 754 tetralogiarum
1789 684 1893 737 auctor
1917 676 2007 738 multa

312 785 452 864 grandius
475 795 504 847 et
526 783 698 865 exquisitius
720 791 874 863 poetarum
898 801 980 845 more
1004 785 1227 867 exposuitque
1250 795 1372 867 propter
1394 785 1441 847 illa
1465 782 1551 849 verba
1576 785 1647 848 nibil
1671 787 1777 849 valent.
1812 787 1948 850 Fortasse
1972 807 2007 848 cr

312 898 367 960 illis
391 898 485 961 verbis
508 908 537 959 et
559 916 592 958 er
617 914 660 971 eo,
683 897 761 977 quod
784 904 933 958 accusator
956 896 987 958 in
1012 897 1202 960 oratiunculis
1227 916 1287 959 non
1309 897 1462 976 siguificat,
1486 900 1629 980 quamdiu
1652 919 1721 963 rcus
1744 900 1911 962 inexilium
1929 897 2008 962 abire

312 1011 424 1085 debeat,
448 1020 597 1072 auctorem
620 1010 741 1071 omnino
763 1008 915 1087 ignorasse
936 1009 1111 1073 exulationis
1135 1019 1250 1091 tempus
1273 1011 1420 1085 omnibus,
1442 1013 1494 1092 qui
1517 1013 1636 1073 caedem
1659 1011 1885 1076 involuntariam
1908 1021 2006 1093 patru-

313 1133 422 1196 verant,
445 1123 524 1184 idem
547 1133 577 1184 et
599 1122 687 1184 breve
712 1121 803 1184 luisse
825 1122 960 1184 concludi
982 1131 1088 1204 potest.

455 1235 515 1296 lam
538 1245 723 1296 transeamus
746 1235 781 1295 ad
805 1234 921 1295 tertiam
945 1234 1125 1314 tetralogiam
1149 1236 1406 1315 perscrutandam,
1428 1236 1464 1298 de
1486 1253 1544 1317 qua
1568 1236 1663 1298 adbuc
1686 1237 1777 1298 multa
1800 1245 1829 1298 et
1845 1238 1922 1299 varia
1939 1256 2007 1317 pro·

313 1348 443 1410 nuntiata
466 1356 536 1409 sunt
558 1347 674 1420 iudicia,
698 1356 730 1407 ut
751 1346 972 1426 diligentissime
995 1363 1050 1408 nos
1073 1347 1240 1408 examinare
1262 1347 1461 1410 necessarium
1485 1347 1524 1408 sit
1546 1356 1633 1428 atque
1651 1367 1702 1410 eos
1718 1366 1844 1422 errores,
1866 1349 1917 1429 qni
1939 1349 2009 1410 iude

312 1471 382 1524 sunt
410 1462 518 1532 secuti,
547 1460 624 1541 quod
655 1461 729 1520 male
758 1478 773 1520 a
804 1459 904 1520 multis
932 1458 1076 1519 intellecta
1104 1468 1161 1533 est,
1188 1461 1323 1540 detegere
1350 1478 1383 1522 ae
1404 1459 1548 1522 refellere.
1593 1459 1764 1522 llanilestus
1787 1469 1885 1522 sutem
1907 1477 2007 1522 rerum

313 1593 406 1636 uerus
429 1583 459 1634 et
481 1573 622 1635 decursus
646 1573 726 1633 hicce
749 1580 807 1634 est:
832 1573 930 1633 Seuer
952 1571 988 1632 ab
1011 1571 1117 1632 iuvene
1139 1572 1179 1633 ita
1203 1583 1248 1634 est
1270 1570 1450 1645 verberatus,
1475 1583 1508 1636 ut
1532 1573 1645 1635 medico
1662 1573 1778 1634 cuidam
1796 1573 1876 1634 illurn
1894 1573 2010 1634 tradere

313 1688 470 1768 propinqui
493 1695 668 1748 statuerent.
707 1684 807 1765 Neque
831 1695 931 1746 tamen
955 1683 1060 1747 medici
1084 1703 1155 1746 cura
1178 1685 1283 1758 ederit,
1308 1695 1341 1747 ut
1361 1703 1449 1747 senex
1475 1695 1599 1748 mortem
1622 1686 1774 1764 ellngeret.
1813 1685 1915 1764 ltaque
1932 1684 2008 1745 illius

312 1801 424 1880 cognati
448 1800 584 1861 iuvenem
607 1796 758 1860 homicidii
780 1807 948 1870 arcessunt,
976 1798 1027 1878 qui
1053 1799 1092 1861 ita
1123 1816 1156 1858 sc
1179 1797 1324 1868 defendit,
1356 1805 1388 1860 ut
1411 1815 1473 1860 uon
1495 1817 1528 1861 ee
1552 1799 1654 1861 mortis
1677 1807 1826 1860 auctorem
1850 1817 1915 1860 esee
1937 1815 2008 1858 con-

314 1912 417 1974 tendat
438 1913 489 1973 sed
515 1911 675 1984 medicum,
702 1911 753 1990 qui
782 1910 888 1972 uulnus
915 1911 994 1972 souis
1016 1928 1157 1992 perverse
1179 1911 1332 1974 curaverit.
1378 1910 1495 1973 iuvenis
1522 1923 1618 1974 autem
1649 1911 1679 1972 in
1702 1911 1809 1973 iudicio
1831 1907 1868 1973 ἐν
1884 1904 2010 1991 ’Λρειο-

313 2021 409 2108 πάγῳ
432 2025 636 2087 defensionem
658 2023 767 2085 babere
790 2033 909 2087 coactus
933 2033 987 2086 cst.

455 2138 549 2218 dtque
572 2155 608 2198 er
630 2135 723 2216 prima
746 2135 866 2215 quidem
889 2135 1073 2198 oratiuncula
1097 2144 1236 2214 cognatos
1258 2135 1396 2199 iuuenem
1419 2136 1586 2217 postulasse
1609 2136 1748 2209 cernitur,
1771 2136 1850 2216 quod
1865 2133 1914 2196 ille
1936 2151 2009 2197 oon·

312 2247 377 2310 silio
399 2248 517 2310 eaedem
540 2254 685 2328 patrasset
706 2258 735 2308 et
757 2266 847 2309 senex
871 2248 970 2310 statim
1000 2257 1136 2310 mortuus
1164 2257 1262 2311 esset:
1304 2249 1383 2311 Γα6
1406 2249 1436 2311 τί
1462 2247 1522 2331 μὲν
1550 2246 1612 2331 γὰρ
1640 2245 1729 2312 ἄκων
1757 2243 1928 2310 ἀπέκτεινε
1952 2243 2010 2308 τὸν

313 2355 430 2442 ἄνδρα,
454 2355 546 2431 ἀξιος
568 2355 608 2421 ἀν
630 2352 670 2441 ἦν
691 2355 881 2442 συγγνώμης
902 2368 1014 2438 τυχεῖν
1034 2355 1138 2434 τινός·
1172 2355 1265 2443 ὕβρει
1288 2357 1326 2422 δὲ
1348 2360 1404 2423 καί
1426 2356 1590 2440 ἀκολασίᾳ
1622 2359 1792 2443 παροινῶν
1825 2359 1873 2434 τίς
1905 2355 2010 2442 ἄνδρα

312 2469 506 2555 πρεσβύτην,
528 2469 660 2532 τύπτων
681 2493 717 2533 τι
739 2471 794 2532 καὶ
818 2474 946 2550 πνίγων
968 2473 1028 2545 ἕως
1049 2473 1105 2547 τῆς
1127 2473 1235 2557 ψυχῆς
1263 2467 1488 2559 ἀπεστέρησεν
1521 2469 1631 2546 αὐτόν,
1666 2469 1709 2548 ἀς
1729 2470 1791 2556 μὲν
1813 2467 2011 2545 ἀποκτείνας

311 2587 371 2648 τοῦ
393 2581 498 2670 φόνον
519 2593 589 2656 τοῖς
612 2581 799 2666 ἐπιτιμίοις
826 2581 937 2664 ἔνοχός
962 2581 1064 2650 ἔστιν.
1108 2585 1142 2647 Εἰ
1169 2589 1347 2667 percussori,
1380 2587 1431 2669 qui
1465 2587 1657 2650 homicidium
1691 2587 1859 2648 inconsulto
1893 2587 2009 2658 lecerat,

313 2697 462 2762 interiecti
478 2696 660 2779 propinquos
675 2696 828 2776 ignoscere
842 2697 974 2779 potuisse
991 2697 1047 2760 iam
1064 2715 1153 2778 supra
1170 2701 1473 2776 commemoravimus,
1498 2701 1554 2762 uisi
1571 2707 1705 2762 mortuus
1720 2699 1784 2779 lpse
1800 2707 1867 2761 ante
1882 2706 2009 2760 mortem

313 2831 439 2894 poenam
464 2812 670 2892 postulaverat.
714 2809 757 2872 Ex
780 2811 876 2874 verbis
900 2821 996 2874 autem
1026 2831 1100 2893 quae
1127 2822 1294 2892 sequuntur
1319 2814 1383 2894 lege
1405 2813 1498 2876 Attica
1526 2814 1721 2876 constitutum
1748 2831 1813 2874 esse
1846 2828 1924 2886 euru,
1958 2811 2009 2892 qui

315 2928 450 2988 consulto
474 2925 561 2987 alium
586 2923 733 2996 occiderit,
757 2942 919 3005 numquam
949 2925 1064 2986 veniam
1094 2925 1223 2987 nancisci
1246 2927 1379 3007 potuisse
1412 2925 1495 2989 facile
1528 2924 1904 3008 quispiam-concludant
1951 2923 2009 2985 Sed

316 3041 392 3102 lianc
413 3057 531 3120 quoque
554 3055 679 3118 poenam
703 3037 855 3098 remissam
879 3057 953 3110 esse,
976 3037 1022 3100 cui
1046 3037 1221 3103 interiectus
1245 3052 1313 3101 aute
1337 3047 1463 3102 mortem
1480 3039 1510 3101 in
1527 3039 1650 3118 gratiam
1667 3038 1796 3113 redierit,
1817 3035 2011 3118 Philippius²)

314 3153 430 3215 disertis
453 3151 550 3213 verbis
573 3151 795 3213 demonstravit.
839 3149 947 3214 llirum
970 3151 1060 3231 igitur
1083 3161 1136 3225 est,
1159 3153 1237 3233 quod
1263 3153 1342 3215 nullo
1365 3153 1429 3215 loce
1452 3152 1624 3215 continetur
1640 3152 1762 3226 mentio,
1784 3168 1857 3213 num
1873 3158 2010 3212 mortuus

314 3267 370 3328 iam
393 3266 455 3346 ipse
478 3284 493 3326 a
516 3267 646 3345 cognatis
668 3264 796 3345 petierit,
820 3273 852 3326 ut
874 3283 1033 3344 percussor
1054 3283 1123 3326 reus
1147 3265 1239 3340 lieret,
1265 3281 1333 3327 eum
1355 3284 1456 3327 senem
1473 3283 1505 3327 re
1522 3283 1586 3328 vera
1603 3263 1802 3346 compluribus
1819 3263 1921 3325 diebus
1941 3269 2010 3342 post

313 3381 406 3440 rixam
428 3399 443 3440 e
467 3379 524 3439 vita
547 3377 717 3440 discessisse
739 3376 929 3438 manifestum
952 3379 998 3440 sit.
1043 3379 1151 3441 Verum
1167 3379 1239 3442 baec
1261 3381 1292 3440 in
1309 3387 1492 3453 transcursu,
1514 3397 1587 3460 quae
1604 3389 1706 3460 postea
1721 3385 1862 3459 repetam.
1885 3377 2008 3438 decusa-

316 3506 410 3557 torem
434 3501 531 3554 autern
555 3491 684 3552 criminis
709 3492 861 3553 veritatem
890 3491 1013 3554 testibus
1033 3493 1178 3568 ¹adhibitis
1206 3493 1396 3556 confirmasse
1423 3509 1563 3573 apparere
1591 3491 1705 3553 videtur
1735 3509 1771 3552 ex
1794 3487 1900 3562 verbis,
1935 3504 2007 3568 quae

314 3615 413 3668 orator
435 3607 516 3668 lacit:
543 3605 624 3665 Γοι7
647 3605 712 3666 τῶν
735 3601 771 3666 dt
794 3601 967 3687 μαρτύρων
990 3599 1161 3687 ἀκηκόατε,
1187 3609 1222 3668 ol
1244 3607 1397 3688 παρῆσαν
1427 3605 1639 3686 παροικοῦντι
1665 3598 1764 3685 αὐτῷ.
1808 3602 1909 3683 Neque
1938 3600 2008 3662 adeo

316 3739 370 3782 uos
394 3721 470 3798 capit
491 3716 654 3790 admiratio,
683 3718 760 3797 quod
785 3717 987 3778 testimouium
1010 3734 1072 3778 non
1095 3718 1131 3778 ad
1154 3716 1277 3779 verbum
1300 3717 1440 3790 adfertur,
1475 3734 1542 3778 cum
1565 3715 1620 3776 bae
1649 3733 1734 3776 voces
1757 3715 1931 3794 plerumque
1952 3712 2010 3772 iam

315 3843 384 3894 ante
407 3831 552 3892 actionem
576 3829 740 3891 iudicialem
764 3831 925 3892 ederentur
947 3839 976 3892 et
999 3831 1032 3892 ad
1064 3841 1125 3894 acta
1153 3828 1414 3911 reponerentur⁸);
1448 3837 1609 3911 praeterea,
1631 3845 1776 3909 quaenam
1803 3826 1898 3907 capita
1924 3843 2012 3888 aueu-

314 3946 436 4006 sationis
460 3943 579 4016 luerint,
613 3943 727 4014 etiamsi
750 3961 785 4004 ex
809 3944 943 4005 oratioue
969 3943 1032 4024 ipsa
1062 3961 1122 4004 non
1151 3944 1219 4007 satis
1250 3951 1414 4024 patescunt,
1450 3942 1612 4004 tenendum
1646 3949 1692 4002 est
1712 3939 1742 4000 iu
1773 3939 1883 4002 iudicio
1906 3937 2011 4008 Attico,

314 4067 472 4138 antequam
496 4055 688 4134 litigatoribus
716 4056 827 4117 dicendi
856 4064 986 4137 potestas
1015 4055 1106 4130 lieret,
1141 4065 1172 4118 et
1204 4055 1381 4120 accusatorie
1415 4063 1443 4116 et
1465 4055 1507 4117 rei
1531 4053 1662 4115 libellum
1694 4049 1765 4132 (τὰς
1787 4043 2005 4132 ἀντιγραφάς)

315 4171 475 4252 perlectum
499 4168 614 4247 σκιαί),
637 4170 733 4248 itaque
757 4169 826 4249 quid
851 4177 994 4248 ageretur,
1018 4167 1162 4230 iudicibus
1185 4169 1216 4231 in
1239 4169 1411 4232 universum
1433 4176 1538 4230 uotum
1561 4173 1633 4228 erat.
1677 4165 1745 4240 Quo
1768 4162 1937 4228 testimonio
1952 4163 2011 4223 iam

315 4295 400 4346 antea
424 4282 537 4363 prolato
560 4281 644 4342 nisus
668 4291 820 4343 accusator
841 4281 977 4342 iuvenem
1002 4281 1098 4343 caedis
1121 4281 1301 4344 voluntariae
1317 4283 1434 4344 incusat
1449 4291 1479 4342 et
1497 4282 1534 4342 ab
1549 4277 1696 4342 iudicibus
1712 4277 1794 4358 petit,
1817 4285 1851 4338 ut
1864 4274 2010 4355 supplicio

315 4397 490 4458 adficeretur
513 4394 576 4475 (For
593 4393 637 4474 ti).
683 4393 888 4456 Potueruntne
910 4403 1010 4456 autem
1032 4401 1123 4456 testes
1146 4393 1256 4475 optima
1279 4395 1336 4457 lide
1358 4395 1404 4456 illa
1427 4393 1516 4456 verba
1538 4391 1634 4455 lacere
1650 4391 1685 4454 ab
1702 4391 1806 4453 iurene
1823 4405 1928 4450 senem
1943 4405 2011 4448 ver·

314 4511 448 4572 beratum
472 4509 746 4588 strangulatumque
769 4526 843 4581 cese,
866 4508 960 4569 donec
981 4507 1097 4569 animus
1120 4525 1189 4570 euru
1212 4503 1415 4571 deseruisset?
1453 4508 1658 4570 Potueruntne
1673 4505 1737 4566 iure
1752 4501 1917 4583 meritoque
1934 4517 2010 4564 cou-

412 4749 432 4812 1)
452 4749 518 4800 Γοι6
536 4743 570 4804 ὡς
587 4744 615 4798 dt
633 4745 752 4813 συγχέων
769 4739 878 4796 ἅπαντα
895 4744 950 4798 τῶν
965 4745 1141 4816 γεραιοῐίρων
1152 4743 1184 4796 roi
1198 4739 1314 4814 νόμιμα,
1332 4741 1442 4804 οὐδενὸς
1454 4739 1593 4814 ἁμαρτεῖν,
1613 4733 1653 4802 οἷς
1666 4739 1693 4793 oi
1704 4743 1822 4793 τοιοῦτοι
1835 4734 2004 4802 κολάζονται,

312 4830 419 4894 δίκαιός
437 4833 519 4887 ἐστιν.

413 4923 435 4989 ²)
453 4925 503 4975 Der
516 4927 632 4990 Areopag
644 4937 667 4970 u.
681 4919 721 4970 dle
733 4919 856 4986 llpbeten
870 4934 893 4984 p.
908 4917 965 4970 ltu.

412 5011 434 5074 ³)
454 5012 532 5062 lleier
546 5028 569 5061 u.
584 5009 731 5070 Scblimanm
745 5006 794 5056 uer
804 5011 852 5057 att.
865 5003 973 5056 Proreus
988 5008 1025 5058 ed.
1039 5005 1142 5074 Lipsius
1157 5022 1180 5073 p.
1193 5005 1252 5058 88³.

416 5097 436 5162 ⁴)
455 5097 504 5150 ller·
517 5105 562 5150 att.
577 5099 683 5148 l’rozess
698 5096 736 5146 ed.
751 5095 861 5164 Lipsius,
873 5111 896 5164 p.
908 5097 966 5146 919.
