4562 5568
1089 279 1281 344 ...g-

482 460 558 522 llaeo
585 460 673 521 habui
703 479 777 540 quae
805 458 833 518 in
864 458 1034 519 universum
1067 467 1168 520 contra
1197 455 1470 537 lexicograpborunr
1502 467 1532 518 et
1558 458 1710 520 rhetorum
1738 461 1944 524 auctoritatem
1979 463 2039 523 dis·

339 583 484 652 putarem.
527 574 650 635 Summa
673 571 792 652 quidem
816 570 999 651 providentia
1032 581 1061 630 et
1091 569 1202 631 cautela
1232 587 1300 631 curn
1324 570 1353 630 in
1378 569 1515 630 omnibns
1539 577 1602 630 tum
1626 571 1753 632 maxime
1774 572 1804 633 in
1829 574 1916 634 rebus
1933 575 2040 636 criticis

340 703 414 766 opus
438 695 496 757 est,
519 685 570 748 sed
595 685 643 746 ubi
668 684 766 747 omnia
791 683 851 744 lere
878 693 980 744 contra
1010 680 1162 762 scriptoris
1187 679 1339 742 cuiusdam
1364 682 1568 744 auctoritatem
1593 701 1658 746 sese
1682 684 1871 746 coniunxisse
1894 685 2039 758 videntur,

338 797 378 858 ibi
405 797 480 859 lalso
511 797 627 880 pietatis
654 796 753 859 studio
780 793 859 856 ducti
888 813 926 856 ne
953 795 1046 856 simus
1078 794 1165 855 nimis
1194 793 1303 854 morosi
1327 811 1427 855 rerum
1463 793 1636 856 traditarum
1660 796 1841 860 delensores.
1887 797 2040 878 Optimum

339 919 436 972 autem
468 910 514 972 illa
543 910 712 973 testimonia
740 909 826 990 plane
861 908 1015 986 neglegere
1048 905 1120 966 milri
1150 906 1279 978 ridetur,
1314 923 1347 966 ex
1380 905 1490 986 quibus
1517 907 1573 970 iarn
1609 908 1824 989 antiquissimis
1857 910 2041 992 temporibus

339 1022 507 1102 tetralogias
535 1023 714 1103 Antiphonti
747 1021 930 1084 Rhamnusio
961 1019 1122 1100 adscriptas
1149 1038 1215 1082 esse
1244 1028 1368 1084 constat.
1420 1019 1511 1082 llulto
1538 1021 1630 1100 igitur
1658 1021 1714 1085 erit
1742 1023 1842 1086 utilius
1874 1023 2041 1104 tetralogias

339 1135 418 1216 ipsae
441 1134 615 1206 examinare,
640 1153 711 1195 num
736 1133 774 1197 ita
799 1139 985 1212 comparatae
1009 1131 1079 1204 sint,
1108 1141 1141 1192 ut
1163 1151 1212 1194 eas
1235 1130 1272 1192 ab
1294 1131 1477 1213 Antiphonte
1500 1135 1679 1216 compositas
1702 1155 1767 1198 csse
1790 1137 1854 1198 iure
1876 1137 2041 1218 meritoque

338 1248 503 1310 coniectare
525 1248 683 1328 possimus.

482 1363 577 1442 Atque
600 1361 727 1440 primum
752 1359 871 1440 quidem
896 1358 932 1419 de
956 1357 1085 1420 virorum
1109 1358 1264 1422 doctorum
1290 1359 1447 1422 sententiis
1470 1359 1675 1432 iudicabimus,
1699 1361 1749 1439 qui
1766 1362 1933 1442 tetralogias
1957 1362 2040 1424 Anh-

339 1475 449 1557 phonte
478 1475 580 1554 dignas
611 1494 678 1536 esse
706 1480 899 1537 censuerunt.
950 1472 1135 1554 Quamquam
1166 1473 1195 1534 in
1227 1471 1420 1534 oratiunculis
1453 1470 1510 1533 illis
1540 1472 1611 1534 nibil
1640 1474 1888 1554 deprehenditur,
1920 1493 1954 1538 ex
1982 1493 2041 1555 quo

341 1597 474 1669 tempora
503 1588 610 1669 quibus
640 1588 822 1668 conscriptae
848 1598 919 1650 sunt
947 1587 1044 1668 aliqua
1073 1604 1139 1648 cunr
1169 1584 1372 1664 probabilitate
1400 1584 1435 1646 ad
1464 1595 1560 1648 certos
1588 1587 1732 1649 terminos
1760 1589 1892 1650 revocari
1918 1589 2041 1668 possint,

339 1709 428 1780 atque
455 1718 561 1762 omnes
588 1701 651 1761 lere
681 1699 733 1761 viri
765 1698 856 1772 docti,
886 1699 937 1779 qui
966 1698 1147 1778 reliquarum
1175 1697 1343 1758 orationum
1376 1707 1509 1778 tempora
1538 1699 1714 1779 investigare
1741 1719 1774 1762 ao
1797 1701 1920 1764 delinire
1942 1701 2040 1764 conati

339 1821 427 1885 sunt,
455 1812 676 1892 tetralogiarum
706 1811 786 1874 nullo
811 1811 899 1873 verbo
922 1813 1105 1873 mentionem
1128 1811 1307 1886 beornoth,
1338 1810 1427 1872 nihilo
1454 1811 1550 1875 minus
1575 1812 1750 1890 lleolrerus2)
1781 1831 1841 1875 non
1872 1815 2041 1895 modoque

341 1933 437 1990 aetate
454 1925 582 2006 Antipho
606 1924 807 2006 composuerit
828 1925 997 2004 tetralogias
1020 1924 1071 1986 sed
1097 1925 1183 1986 etiam
1207 1923 1269 1984 illas
1293 1923 1417 1986 omnino
1440 1925 1476 1987 ad
1499 1923 1676 2004 Protagorae
1698 1925 1893 1989 imitationem
1903 1926 1927 2005 ⁸)
1951 1927 2042 1989 laetas

340 2057 404 2102 esse
431 2038 609 2100 firmissimis
639 2037 821 2118 argumentis
849 2037 1013 2100 ostendisse
1042 2037 1096 2098 sibi
1124 2036 1204 2099 risus
1229 2045 1281 2098 est.
1327 2035 1404 2098 llaec
1430 2055 1504 2116 quae
1535 2055 1595 2100 non
1628 2037 1796 2101 dubitamus
1820 2039 1953 2119 multisl)
1978 2039 2040 2119 pla·

340 2153 434 2216 citura
457 2171 538 2221 esse,
568 2151 653 2214 nobis
677 2167 735 2212 non
759 2150 873 2232 probari
896 2149 988 2213 libere
1011 2151 1147 2212 latemur.
1194 2148 1367 2212 Plutarchus
1378 2149 1401 2228 ι)
1425 2149 1503 2211 enim
1529 2151 1684 2214 memoriae
1707 2152 1827 2215 tradidit
1851 2151 2039 2230 Protagoram

339 2282 391 2346 per
404 2273 499 2328 totum
514 2263 592 2324 diem
608 2282 675 2324 oum
689 2263 800 2326 Pericle
811 2263 846 2325 de
859 2281 891 2324 re
902 2262 1002 2326 subtili
1015 2259 1195 2344 disputassc':
1215 2257 1421 2334 Πεντάθλου,
1443 2263 1550 2342 inquit,
1573 2261 1661 2338 τινός
1677 2259 1817 2348 ἀκοντίῳ
1835 2259 2042 2336 πατάξαντος

338 2371 528 2458 'Encolpion
550 2373 606 2438 τὸν
623 2371 817 2458 Φαρσάλιον
831 2370 994 2450 ἀκουσίως
1010 2373 1066 2438 καὶ
1082 2376 1363 2449 κατακτείναντος,
1387 2369 1510 2458 ἡμέραν
1526 2371 1603 2459 ὅλην
1618 2371 1788 2440 ἀναλῶσαι
1804 2379 1867 2454 (sci.
1884 2377 2041 2450 Periclem)

339 2488 422 2572 μετὰ
443 2484 667 2572 Πρωταγόρου
694 2486 938 2571 διαποροῦντα,
969 2483 1109 2571 πότερον
1136 2483 1173 2548 τὸ
1203 2482 1354 2550 ἀκόντιον
1380 2482 1400 2570 ἢ
1428 2487 1483 2551 τόν
1509 2485 1655 2570 βαλόντα
1681 2485 1702 2571 ἢ
1727 2485 1804 2564 τούς
1829 2485 2044 2568 ἀγωνοθέτας

340 2602 423 2665 κατὰ
436 2599 495 2666 τὸν
510 2597 694 2686 ὀρθότατον
708 2599 807 2679 λόγον
822 2601 950 2673 αίτίοος
965 2599 1023 2682 χρὴ
1040 2601 1100 2663 τοῦ
1116 2597 1250 2673 πόθους
1265 2595 1435 2683 ἡγείσθω.
1465 2603 1613 2675 Quoniam
1630 2604 1661 2665 in
1678 2603 1833 2666 secunda
1851 2603 2043 2683 tetralogia

340 2717 467 2779 similem
491 2716 520 2778 in
547 2716 666 2778 modum
690 2715 727 2777 de
749 2715 838 2777 caede
861 2715 944 2795 pueri
966 2713 1002 2776 ab
1026 2715 1117 2776 altero
1141 2713 1170 2775 in
1193 2717 1345 2795 gymnasio
1368 2716 1462 2777 iaculo
1477 2716 1627 2778 interlecti
1643 2725 1780 2791 certatur,
1804 2716 1952 2780 Becherus
1967 2718 2043 2779 hauc

340 2829 546 2910 quaestionem
576 2829 712 2890 subtilem
743 2839 774 2889 et
800 2827 969 2890 intricatam
1000 2848 1016 2890 a
1040 2828 1195 2906 Protagora
1222 2829 1319 2909 primo
1347 2829 1526 2910 propositam
1556 2837 1585 2892 et
1611 2831 1642 2891 in
1670 2830 1778 2892 scholis
1802 2831 1922 2894 Periclis
1945 2839 2041 2892 aetate

337 2949 546 3022 pertractatam
577 2960 640 3002 esse
667 2941 807 3019 sagaciter
834 2940 967 3012 coniecit,
997 2939 1213 3020 Antiphontem
1244 2939 1300 3002 illis
1330 2941 1513 3021 temporibus
1543 2941 1718 3022 Protagorae
1747 2943 1922 3024 discipulum
1951 2943 2042 3006 luisse

339 3073 445 3136 eaque,
477 3055 604 3136 quaein
628 3053 725 3116 schola
753 3054 903 3128 audierat,
932 3053 1150 3116 exercitationis
1180 3071 1265 3115 causa
1289 3053 1395 3116 litteris
1418 3054 1600 3134 obsignasse.
1644 3057 1730 3130 Quod
1753 3057 1872 3138 quidem
1896 3057 1932 3119 ab
1955 3056 2041 3118 tnti-

339 3169 450 3248 phonte
478 3169 583 3229 iuvene
610 3185 669 3228 non
699 3167 791 3228 multo
824 3175 892 3248 post
920 3185 1006 3248 quam
1035 3166 1168 3247 quaestio
1197 3165 1244 3228 illa
1276 3186 1290 3228 a
1320 3166 1479 3248 Protagora
1508 3177 1587 3230 esset
1617 3170 1767 3250 proposita
1795 3177 2042 3252 pertractataque,

339 3299 405 3343 esse
429 3282 537 3343 lactum
561 3297 709 3361 apparere.
745 3281 817 3343 Cum
843 3300 911 3342 vero
934 3299 969 3343 er
986 3279 1133 3342 Plutarchi
1157 3279 1327 3342 testimonio
1351 3288 1428 3342 certa
1450 3281 1628 3361 probabilive
1651 3283 1766 3344 ratione
1789 3282 1925 3363 cognosci
1950 3281 2043 3364 possit

340 3394 531 3472 Protagoram
556 3394 592 3454 dc
616 3393 662 3456 illa
686 3412 808 3456 recum
832 3392 944 3456 Pericle
972 3393 1147 3454 disseruisse
1172 3393 1311 3464 Athenis,
1338 3393 1445 3454 deinde
1473 3413 1539 3456 cum
1565 3395 1755 3474 Protagoram
1780 3395 1825 3458 01.
1849 3395 1998 3472 blllllllll,
2024 3393 2038 3451 l

340 3505 465 3568 lltbenis
487 3505 597 3570 relictis
620 3525 635 3568 a
653 3507 763 3569 Pericle
787 3506 923 3580 electum,
941 3517 975 3569 ut
988 3505 1129 3567 Thurinis
1152 3505 1231 3583 leges
1248 3504 1426 3583 seriberetll,
1444 3505 1473 3566 in
1490 3505 1601 3570 ltaliam
1621 3509 1744 3571 missum
1762 3527 1827 3571 esse
1843 3508 1922 3569 inter
1937 3521 2041 3566 omnes

339 3619 471 3692 constet,
500 3621 603 3682 eodem
632 3621 694 3681 lere
721 3629 857 3701 tempore
881 3619 924 3680 vel
948 3618 1030 3698 prius
1054 3629 1084 3682 et
1105 3618 1267 3679 secundam
1291 3617 1472 3696 tetralogiam
1497 3629 1526 3681 et
1549 3621 1673 3700 primaru
1698 3621 1874 3700 tertiamque
1897 3619 1932 3680 ab
1956 3617 2041 3679 huti-

337 3733 450 3812 pbonte
478 3732 672 3813 compositam
703 3751 768 3794 esse
791 3751 805 3793 a
830 3731 949 3795 veritate
974 3750 1033 3793 non
1057 3731 1132 3792 adeo
1155 3729 1325 3803 abhorrere,
1348 3731 1482 3810 quamvis
1507 3733 1537 3794 in
1561 3734 1617 3795 illis
1640 3734 1752 3796 nullum
1775 3732 1932 3812 vestigium
1956 3750 2042 3812 repc-

338 3845 439 3916 riatur,
463 3844 542 3924 quod
567 3864 622 3924 qua
647 3851 740 3906 aetate
764 3845 857 3907 laetae
879 3845 937 3907 sint
959 3843 1080 3917 indicet,
1111 3861 1164 3924 pro
1186 3852 1267 3906 certo
1290 3843 1426 3905 adfirmat
1449 3844 1602 3907 Becherus.
1648 3845 1731 3918 Quae
1753 3846 1923 3909 coniectura
1947 3845 2042 3927 primo

312 4013 313 4018 ,
338 3957 445 4020 obtutu
467 3956 594 4038 aliquam
619 3956 833 4038 probabilitatis
857 3957 984 4038 speciem
1009 3959 1213 4037 praesefert
1237 3972 1334 4036 noque
1358 3955 1524 4029 deluerunt,
1548 3959 1598 4039 qui
1623 3959 1698 4020 hanc
1720 3960 1900 4022 seutentiam
1917 3956 2042 4020 summis

339 4068 474 4132 laudibus
498 4067 698 4145 extulerint).
736 4070 809 4132 Cum
833 4078 932 4132 autem
950 4069 1125 4146 Protagoras
1148 4067 1224 4129 circa
1241 4066 1285 4128 01.
1304 4065 1433 4130 Lllllllll
1455 4069 1578 4133 htbeuis
1602 4080 1695 4134 artem
1719 4073 1913 4153 sophisticam
1937 4069 2042 4129 docere

339 4182 497 4263 coepisset,
520 4181 545 4244 si
568 4181 688 4245 lleclreri
712 4183 851 4245 iudicium
876 4199 1082 4263 sequeremur,
1106 4181 1249 4262 llntipho,
1273 4200 1361 4262 quern
1385 4183 1461 4245 circa
1485 4182 1530 4245 01.
1548 4182 1694 4260 txxv,1
1722 4192 1823 4247 natum
1848 4177 1946 4258 τίετ’)
1970 4195 2042 4240 con-

340 4338 550 4348 ——-

475 4416 496 4481 ¹)
515 4413 651 4481 liircbser,
670 4416 701 4467 de
717 4415 875 4482 temporibus
894 4415 1034 4466 oratiorum
1054 4413 1203 4482 llotipboot.
1240 4411 1381 4464 Frsoilort
1402 4411 1474 4466 1864.

474 4501 495 4568 ²)
513 4502 549 4555 lle
568 4502 765 4570 sophisticarum
784 4503 879 4554 artium
899 4500 1018 4566 vestigiis
1037 4501 1101 4567 apud
1120 4500 1302 4569 Thucydidem.
1338 4499 1423 4551 llerlio
1445 4499 1510 4551 1864
1529 4515 1551 4566 p.
1574 4498 1611 4550 ll.

473 4589 494 4654 ⁸)
514 4588 633 4655 Welier,
651 4588 740 4642 llbeio.
760 4587 873 4640 llueeom
892 4587 911 4653 1,
929 4588 987 4639 stu.

472 4678 495 4742 ⁴)
513 4677 608 4729 blaseii
637 4677 809 4728 coniecturam
837 4676 903 4738 (att.
935 4676 990 4726 Ber.
1016 4673 1054 4738 1²,
1084 4673 1144 4738 154)
1167 4673 1318 4738 tetralogiss
1342 4681 1400 4741 post
1424 4672 1464 4723 01.
1488 4669 1533 4722 XC
1560 4666 1712 4731 compositae
1743 4677 1800 4717 esse
1835 4665 2042 4730 praetermittere

339 4779 554 4833 pessumarum
574 4764 627 4814 ullo
646 4762 807 4816 fondamento
829 4770 924 4815 rorent.

472 4851 494 4912 ⁵)
512 4850 573 4904 vin
591 4849 701 4902 Periclis
720 4867 742 4901 ο.
756 4851 796 4902 36.

472 4937 494 5001 ⁶)
514 4934 583 5002 Frei,
603 4935 773 5004 Quaestiones
793 4937 972 5002 Protagorese.
1010 4935 1076 4984 bono
1099 4933 1164 4984 1841
1185 4947 1208 4998 p.
1228 4930 1269 4982 68.

473 5024 494 5090 ⁷)
514 5024 622 5090 laelling,
640 5025 671 5076 de
690 5024 850 5092 periodorum
870 5023 973 5090 Antipb.
993 5019 1149 5088 symmetria.
1188 5016 1329 5070 Vratislsr.
1366 5014 1431 5067 1868
1451 5031 1474 5084 p.
1493 5016 1533 5067 61.

471 5113 492 5176 ⁸)
512 5113 593 5177 blase,
612 5111 660 5162 Die
680 5116 727 5161 stt.
748 5109 906 5162 Bercdsamls.
925 5107 967 5174 ll,
987 5109 1029 5162 95.
