<?xml version="1.0" encoding="UTF-8"?>
<!DOCTYPE html PUBLIC "-//W3C//DTD XHTML 1.0 Transitional//EN"
    "http://www.w3.org/TR/xhtml1/DTD/xhtml1-transitional.dtd">
<html xmlns="http://www.w3.org/1999/xhtml" xml:lang="en" lang="en">
 <head>
  <title>
</title>
<meta http-equiv="Content-Type" content="text/html;charset=utf-8" />
  <meta name='ocr-system' content='tesseract 3.04.00' />
  <meta name='ocr-capabilities' content='ocr_page ocr_carea ocr_par ocr_line ocrx_word'/>
</head>
<body>
  <div class='ocr_page' id='page_1' title='image "./deantiphontiste01hausgoog_0009.png"; bbox 0 0 4562 5568; ppageno 0'>
   <div class='ocr_carea' id='block_1_1' title="bbox 666 223 1262 346">
    <p class='ocr_par' dir='ltr' id='par_1_1' title="bbox 666 223 1262 346">
     <span class='ocr_line' id='line_1_1' title="bbox 666 223 1262 346; baseline -0.003 -46"><span class='ocrx_word' id='word_1_1' title='bbox 666 259 673 275; x_wconf 94' lang='lat'><strong>·</strong></span> <span class='ocrx_word' id='word_1_2' title='bbox 720 243 733 297; x_wconf 70' lang='grc' dir='ltr'><strong><em>ἰ</em></strong></span> <span class='ocrx_word' id='word_1_3' title='bbox 802 223 1102 346; x_wconf 34' lang='grc' dir='ltr'><strong>.·.’;ἓ·”ἱῖ«.ῗι.-</strong></span> <span class='ocrx_word' id='word_1_4' title='bbox 1153 243 1175 306; x_wconf 84' lang='grc'>4</span> <span class='ocrx_word' id='word_1_5' title='bbox 1220 271 1262 286; x_wconf 86' lang='lat'><strong>-·</strong></span> 
     </span>
    </p>
   </div>
   <div class='ocr_carea' id='block_1_2' title="bbox 258 393 2020 3770">
    <p class='ocr_par' dir='ltr' id='par_1_2' title="bbox 258 379 2018 1844">
     <span class='ocr_line' id='line_1_2' title="bbox 312 393 2012 504; baseline -0.002 -16"><span class='ocrx_word' id='word_1_6' title='bbox 312 426 393 500; x_wconf 85' lang='lat' dir='ltr'><strong>Quae</strong></span> <span class='ocrx_word' id='word_1_7' title='bbox 415 443 481 486; x_wconf 92' lang='lat' dir='ltr'><strong>cum</strong></span> <span class='ocrx_word' id='word_1_8' title='bbox 506 379 1127 504; x_wconf 60' lang='lat' dir='ltr'><strong>protessusesshtihe&#39;eliimuid&#39;stiror&#39;um</strong></span> <span class='ocrx_word' id='word_1_9' title='bbox 1153 421 1307 482; x_wconf 90' lang='lat' dir='ltr'><strong>doctorum</strong></span> <span class='ocrx_word' id='word_1_10' title='bbox 1331 427 1480 482; x_wconf 91' lang='lat' dir='ltr'><strong>certamen</strong></span> <span class='ocrx_word' id='word_1_11' title='bbox 1505 429 1639 483; x_wconf 89' lang='lat' dir='ltr'><strong>exortum</strong></span> <span class='ocrx_word' id='word_1_12' title='bbox 1663 429 1708 483; x_wconf 91' lang='lat' dir='ltr'><strong>est</strong></span> <span class='ocrx_word' id='word_1_13' title='bbox 1723 419 1813 483; x_wconf 88' lang='lat' dir='ltr'><strong>Pablii</strong></span> <span class='ocrx_word' id='word_1_14' title='bbox 1837 421 2012 484; x_wconf 77' lang='lat' dir='ltr'><strong>sententiam</strong></span> 
     </span>
     <span class='ocr_line' id='line_1_3' title="bbox 313 532 2013 615; baseline -0.003 -14"><span class='ocrx_word' id='word_1_15' title='bbox 313 549 363 602; x_wconf 90' lang='lat' dir='ltr'><strong>aut</strong></span> <span class='ocrx_word' id='word_1_16' title='bbox 385 537 608 600; x_wconf 75' lang='lat' dir='ltr'><strong>defendentium</strong></span> <span class='ocrx_word' id='word_1_17' title='bbox 633 543 683 598; x_wconf 87' lang='lat' dir='ltr'><strong>eut</strong></span> <span class='ocrx_word' id='word_1_18' title='bbox 700 535 952 599; x_wconf 79' lang='lat' dir='ltr'><strong>labefactandum.</strong></span> <span class='ocrx_word' id='word_1_19' title='bbox 990 533 1154 597; x_wconf 81' lang='lat' dir='ltr'><strong>Adversarii</strong></span> <span class='ocrx_word' id='word_1_20' title='bbox 1172 535 1234 596; x_wconf 90' lang='lat' dir='ltr'><strong>eius</strong></span> <span class='ocrx_word' id='word_1_21' title='bbox 1251 533 1412 595; x_wconf 90' lang='lat' dir='ltr'><strong>extiterunt</strong></span> <span class='ocrx_word' id='word_1_22' title='bbox 1429 532 1588 614; x_wconf 82' lang='lat' dir='ltr'><strong>Hoppius¹l</strong></span> <span class='ocrx_word' id='word_1_23' title='bbox 1611 543 1640 596; x_wconf 94' lang='lat' dir='ltr'><strong>et</strong></span> <span class='ocrx_word' id='word_1_24' title='bbox 1659 533 1941 614; x_wconf 72' lang='lat' dir='ltr'><strong>Wiedenholerus2),</strong></span> <span class='ocrx_word' id='word_1_25' title='bbox 1964 535 2013 615; x_wconf 90' lang='lat' dir='ltr'><strong>qui</strong></span> 
     </span>
     <span class='ocr_line' id='line_1_4' title="bbox 314 644 2013 728; baseline -0.003 -14"><span class='ocrx_word' id='word_1_26' title='bbox 314 651 455 714; x_wconf 93' lang='lat' dir='ltr'><strong>omnibus</strong></span> <span class='ocrx_word' id='word_1_27' title='bbox 478 648 572 711; x_wconf 89' lang='lat' dir='ltr'><strong>Pablii</strong></span> <span class='ocrx_word' id='word_1_28' title='bbox 593 649 707 712; x_wconf 88' lang='lat' dir='ltr'><strong>reiectis</strong></span> <span class='ocrx_word' id='word_1_29' title='bbox 731 647 913 728; x_wconf 79' lang='lat' dir='ltr'><strong>argumentis</strong></span> <span class='ocrx_word' id='word_1_30' title='bbox 938 647 1158 708; x_wconf 76' lang='lat' dir='ltr'><strong>demonstrasse</strong></span> <span class='ocrx_word' id='word_1_31' title='bbox 1188 644 1242 707; x_wconf 90' lang='lat' dir='ltr'><strong>sibi</strong></span> <span class='ocrx_word' id='word_1_32' title='bbox 1272 645 1410 706; x_wconf 87' lang='lat' dir='ltr'><strong>videntur</strong></span> <span class='ocrx_word' id='word_1_33' title='bbox 1439 646 1565 727; x_wconf 86' lang='lat' dir='ltr'><strong>primam</strong></span> <span class='ocrx_word' id='word_1_34' title='bbox 1595 646 1760 708; x_wconf 91' lang='lat' dir='ltr'><strong>orationem</strong></span> <span class='ocrx_word' id='word_1_35' title='bbox 1785 647 2013 728; x_wconf 88' lang='lat' dir='ltr'><strong>Antiphonteam</strong></span> 
     </span>
     <span class='ocr_line' id='line_1_5' title="bbox 313 757 2014 842; baseline -0.002 -16"><span class='ocrx_word' id='word_1_36' title='bbox 313 783 378 826; x_wconf 89' lang='lat' dir='ltr'><strong>esse</strong></span> <span class='ocrx_word' id='word_1_37' title='bbox 401 761 583 834; x_wconf 85' lang='lat' dir='ltr'><strong>habendem;</strong></span> <span class='ocrx_word' id='word_1_38' title='bbox 606 773 695 841; x_wconf 94' lang='lat' dir='ltr'><strong>atque</strong></span> <span class='ocrx_word' id='word_1_39' title='bbox 719 763 806 823; x_wconf 89' lang='lat' dir='ltr'><strong>etiam</strong></span> <span class='ocrx_word' id='word_1_40' title='bbox 833 757 983 838; x_wconf 78' lang='lat' dir='ltr'><strong>Bothius³l</strong></span> <span class='ocrx_word' id='word_1_41' title='bbox 1008 758 1128 820; x_wconf 89' lang='lat' dir='ltr'><strong>uberius</strong></span> <span class='ocrx_word' id='word_1_42' title='bbox 1152 777 1298 839; x_wconf 86' lang='lat' dir='ltr'><strong>exponere</strong></span> <span class='ocrx_word' id='word_1_43' title='bbox 1322 768 1515 821; x_wconf 86' lang='lat' dir='ltr'><strong>eonatusest</strong></span> <span class='ocrx_word' id='word_1_44' title='bbox 1538 760 1706 836; x_wconf 86' lang='lat' dir='ltr'><strong>tetralogias</strong></span> <span class='ocrx_word' id='word_1_45' title='bbox 1724 760 1827 840; x_wconf 85' lang='lat' dir='ltr'><strong>dignas</strong></span> <span class='ocrx_word' id='word_1_46' title='bbox 1843 779 1917 831; x_wconf 86' lang='lat' dir='ltr'><strong>esse,</strong></span> <span class='ocrx_word' id='word_1_47' title='bbox 1940 779 2014 842; x_wconf 89' lang='lat' dir='ltr'><strong>quas</strong></span> 
     </span>
     <span class='ocr_line' id='line_1_6' title="bbox 313 870 2014 959; baseline -0.004 -19"><span class='ocrx_word' id='word_1_48' title='bbox 313 877 444 959; x_wconf 88' lang='lat' dir='ltr'><strong>Antipho</strong></span> <span class='ocrx_word' id='word_1_49' title='bbox 467 873 677 951; x_wconf 83' lang='lat' dir='ltr'><strong>composuerit.</strong></span> <span class='ocrx_word' id='word_1_50' title='bbox 722 872 790 934; x_wconf 88' lang='lat' dir='ltr'><strong>illos</strong></span> <span class='ocrx_word' id='word_1_51' title='bbox 813 872 933 952; x_wconf 90' lang='lat' dir='ltr'><strong>quidem</strong></span> <span class='ocrx_word' id='word_1_52' title='bbox 958 871 1071 950; x_wconf 90' lang='lat' dir='ltr'><strong>optime</strong></span> <span class='ocrx_word' id='word_1_53' title='bbox 1094 878 1186 932; x_wconf 88' lang='lat' dir='ltr'><strong>lotam</strong></span> <span class='ocrx_word' id='word_1_54' title='bbox 1212 871 1249 933; x_wconf 92' lang='lat' dir='ltr'><strong>de</strong></span> <span class='ocrx_word' id='word_1_55' title='bbox 1272 872 1366 953; x_wconf 89' lang='lat' dir='ltr'><strong>prima</strong></span> <span class='ocrx_word' id='word_1_56' title='bbox 1390 870 1526 932; x_wconf 86' lang='lat' dir='ltr'><strong>oratione</strong></span> <span class='ocrx_word' id='word_1_57' title='bbox 1548 873 1751 951; x_wconf 90' lang='lat' dir='ltr'><strong>quaestionem</strong></span> <span class='ocrx_word' id='word_1_58' title='bbox 1780 881 1921 936; x_wconf 83' lang='lat' dir='ltr'><strong>tractasse</strong></span> <span class='ocrx_word' id='word_1_59' title='bbox 1943 873 2014 936; x_wconf 88' lang='lat' dir='ltr'><strong>milri</strong></span> 
     </span>
     <span class='ocr_line' id='line_1_7' title="bbox 258 983 2014 1073; baseline -0.002 -21"><span class='ocrx_word' id='word_1_60' title='bbox 258 1049 261 1060; x_wconf 89' lang='grc'>,</span> <span class='ocrx_word' id='word_1_61' title='bbox 311 989 455 1073; x_wconf 88' lang='lat' dir='ltr'><strong>persuasi,</strong></span> <span class='ocrx_word' id='word_1_62' title='bbox 482 995 519 1060; x_wconf 87' lang='lat' dir='ltr'><strong>et,</strong></span> <span class='ocrx_word' id='word_1_63' title='bbox 548 985 682 1066; x_wconf 87' lang='lat' dir='ltr'><strong>quamvis</strong></span> <span class='ocrx_word' id='word_1_64' title='bbox 709 1003 771 1046; x_wconf 91' lang='lat' dir='ltr'><strong>non</strong></span> <span class='ocrx_word' id='word_1_65' title='bbox 796 985 894 1046; x_wconf 91' lang='lat' dir='ltr'><strong>omnia</strong></span> <span class='ocrx_word' id='word_1_66' title='bbox 921 1002 996 1064; x_wconf 91' lang='lat' dir='ltr'><strong>quae</strong></span> <span class='ocrx_word' id='word_1_67' title='bbox 1026 983 1066 1044; x_wconf 91' lang='lat' dir='ltr'><strong>illi</strong></span> <span class='ocrx_word' id='word_1_68' title='bbox 1095 983 1285 1064; x_wconf 90' lang='lat' dir='ltr'><strong>protulerunt</strong></span> <span class='ocrx_word' id='word_1_69' title='bbox 1306 983 1467 1064; x_wconf 88' lang='lat' dir='ltr'><strong>probabilia</strong></span> <span class='ocrx_word' id='word_1_70' title='bbox 1498 984 1566 1058; x_wconf 92' lang='lat' dir='ltr'><strong>sint,</strong></span> <span class='ocrx_word' id='word_1_71' title='bbox 1590 985 1872 1049; x_wconf 88' lang='lat' dir='ltr'><strong>tamenorationem</strong></span> <span class='ocrx_word' id='word_1_72' title='bbox 1889 987 2014 1068; x_wconf 89' lang='lat' dir='ltr'><strong>primam</strong></span> 
     </span>
     <span class='ocr_line' id='line_1_8' title="bbox 313 1097 2015 1181; baseline -0.002 -15"><span class='ocrx_word' id='word_1_73' title='bbox 313 1104 350 1166; x_wconf 89' lang='lat' dir='ltr'><strong>ab</strong></span> <span class='ocrx_word' id='word_1_74' title='bbox 373 1101 556 1181; x_wconf 87' lang='lat' dir='ltr'><strong>Antiphonte</strong></span> <span class='ocrx_word' id='word_1_75' title='bbox 579 1097 774 1179; x_wconf 82' lang='lat' dir='ltr'><strong>conscriptam</strong></span> <span class='ocrx_word' id='word_1_76' title='bbox 799 1115 863 1160; x_wconf 90' lang='lat' dir='ltr'><strong>esse</strong></span> <span class='ocrx_word' id='word_1_77' title='bbox 886 1097 957 1158; x_wconf 91' lang='lat' dir='ltr'><strong>satis</strong></span> <span class='ocrx_word' id='word_1_78' title='bbox 980 1104 1100 1178; x_wconf 88' lang='lat' dir='ltr'><strong>apparet</strong></span> <span class='ocrx_word' id='word_1_79' title='bbox 1123 1117 1155 1160; x_wconf 90' lang='lat' dir='ltr'><strong>ea</strong></span> <span class='ocrx_word' id='word_1_80' title='bbox 1186 1106 1290 1172; x_wconf 84' lang='lat' dir='ltr'><strong>aelate,</strong></span> <span class='ocrx_word' id='word_1_81' title='bbox 1321 1117 1377 1177; x_wconf 85' lang='lat' dir='ltr'><strong>qua</strong></span> <span class='ocrx_word' id='word_1_82' title='bbox 1400 1097 1447 1160; x_wconf 89' lang='lat' dir='ltr'><strong>hic</strong></span> <span class='ocrx_word' id='word_1_83' title='bbox 1469 1107 1569 1160; x_wconf 90' lang='lat' dir='ltr'><strong>orator</strong></span> <span class='ocrx_word' id='word_1_84' title='bbox 1597 1099 1626 1160; x_wconf 93' lang='lat' dir='ltr'><strong>in</strong></span> <span class='ocrx_word' id='word_1_85' title='bbox 1656 1099 1840 1179; x_wconf 84' lang='lat' dir='ltr'><strong>eloquentiae</strong></span> <span class='ocrx_word' id='word_1_86' title='bbox 1872 1100 2015 1164; x_wconf 87' lang='lat' dir='ltr'><strong>tirociniis</strong></span> 
     </span>
     <span class='ocr_line' id='line_1_9' title="bbox 315 1209 2016 1294; baseline -0.002 -16"><span class='ocrx_word' id='word_1_87' title='bbox 315 1214 461 1278; x_wconf 89' lang='lat' dir='ltr'><strong>haerebat.</strong></span> <span class='ocrx_word' id='word_1_88' title='bbox 497 1212 596 1290; x_wconf 91' lang='lat' dir='ltr'><strong>Longe</strong></span> <span class='ocrx_word' id='word_1_89' title='bbox 620 1211 706 1274; x_wconf 91' lang='lat' dir='ltr'><strong>aliter</strong></span> <span class='ocrx_word' id='word_1_90' title='bbox 728 1228 794 1273; x_wconf 91' lang='lat' dir='ltr'><strong>sese</strong></span> <span class='ocrx_word' id='word_1_91' title='bbox 817 1209 925 1271; x_wconf 89' lang='lat' dir='ltr'><strong>hahere</strong></span> <span class='ocrx_word' id='word_1_92' title='bbox 950 1210 1097 1284; x_wconf 90' lang='lat' dir='ltr'><strong>existimo,</strong></span> <span class='ocrx_word' id='word_1_93' title='bbox 1120 1229 1196 1291; x_wconf 91' lang='lat' dir='ltr'><strong>quae</strong></span> <span class='ocrx_word' id='word_1_94' title='bbox 1219 1210 1342 1274; x_wconf 81' lang='lat' dir='ltr'><strong>Rotbius</strong></span> <span class='ocrx_word' id='word_1_95' title='bbox 1365 1227 1419 1291; x_wconf 92' lang='lat' dir='ltr'><strong>pro</strong></span> <span class='ocrx_word' id='word_1_96' title='bbox 1444 1219 1524 1273; x_wconf 92' lang='lat' dir='ltr'><strong>certo</strong></span> <span class='ocrx_word' id='word_1_97' title='bbox 1548 1212 1690 1275; x_wconf 84' lang='lat' dir='ltr'><strong>adfirmat.</strong></span> <span class='ocrx_word' id='word_1_98' title='bbox 1735 1211 1836 1294; x_wconf 88' lang='lat' dir='ltr'><strong>Neque</strong></span> <span class='ocrx_word' id='word_1_99' title='bbox 1859 1213 1939 1275; x_wconf 91' lang='lat' dir='ltr'><strong>enim</strong></span> <span class='ocrx_word' id='word_1_100' title='bbox 1969 1213 2016 1276; x_wconf 91' lang='lat' dir='ltr'><strong>ille</strong></span> 
     </span>
     <span class='ocr_line' id='line_1_10' title="bbox 314 1322 2017 1405; baseline -0.001 -15"><span class='ocrx_word' id='word_1_101' title='bbox 314 1330 351 1391; x_wconf 91' lang='lat' dir='ltr'><strong>de</strong></span> <span class='ocrx_word' id='word_1_102' title='bbox 375 1325 596 1404; x_wconf 88' lang='lat' dir='ltr'><strong>tetralogiarum</strong></span> <span class='ocrx_word' id='word_1_103' title='bbox 621 1322 733 1403; x_wconf 89' lang='lat' dir='ltr'><strong>origine</strong></span> <span class='ocrx_word' id='word_1_104' title='bbox 756 1323 843 1386; x_wconf 88' lang='lat' dir='ltr'><strong>certis</strong></span> <span class='ocrx_word' id='word_1_105' title='bbox 859 1322 1040 1402; x_wconf 81' lang='lat' dir='ltr'><strong>argumentis</strong></span> <span class='ocrx_word' id='word_1_106' title='bbox 1057 1322 1149 1384; x_wconf 90' lang='lat' dir='ltr'><strong>allatis</strong></span> <span class='ocrx_word' id='word_1_107' title='bbox 1166 1323 1389 1397; x_wconf 86' lang='lat' dir='ltr'><strong>demonstravit,</strong></span> <span class='ocrx_word' id='word_1_108' title='bbox 1407 1330 1507 1386; x_wconf 92' lang='lat' dir='ltr'><strong>utrum</strong></span> <span class='ocrx_word' id='word_1_109' title='bbox 1524 1323 1589 1386; x_wconf 91' lang='lat' dir='ltr'><strong>illae</strong></span> <span class='ocrx_word' id='word_1_110' title='bbox 1605 1324 1642 1385; x_wconf 86' lang='lat' dir='ltr'><strong>ab</strong></span> <span class='ocrx_word' id='word_1_111' title='bbox 1657 1325 1840 1405; x_wconf 90' lang='lat' dir='ltr'><strong>Antipboute</strong></span> <span class='ocrx_word' id='word_1_112' title='bbox 1855 1326 2017 1405; x_wconf 80' lang='lat' dir='ltr'><strong>divulgatae</strong></span> 
     </span>
     <span class='ocr_line' id='line_1_11' title="bbox 316 1435 2016 1518; baseline -0.001 -15"><span class='ocrx_word' id='word_1_113' title='bbox 316 1442 376 1504; x_wconf 90' lang='lat' dir='ltr'><strong>sint</strong></span> <span class='ocrx_word' id='word_1_114' title='bbox 398 1456 501 1511; x_wconf 90' lang='lat' dir='ltr'><strong>necne,</strong></span> <span class='ocrx_word' id='word_1_115' title='bbox 525 1456 622 1518; x_wconf 88' lang='lat' dir='ltr'><strong>neque</strong></span> <span class='ocrx_word' id='word_1_116' title='bbox 645 1435 816 1498; x_wconf 91' lang='lat' dir='ltr'><strong>testimonia</strong></span> <span class='ocrx_word' id='word_1_117' title='bbox 840 1453 937 1515; x_wconf 90' lang='lat' dir='ltr'><strong>neque</strong></span> <span class='ocrx_word' id='word_1_118' title='bbox 960 1453 1023 1496; x_wconf 91' lang='lat' dir='ltr'><strong>rem</strong></span> <span class='ocrx_word' id='word_1_119' title='bbox 1048 1435 1209 1498; x_wconf 88' lang='lat' dir='ltr'><strong>iudicialem</strong></span> <span class='ocrx_word' id='word_1_120' title='bbox 1226 1435 1355 1516; x_wconf 90' lang='lat' dir='ltr'><strong>penitius</strong></span> <span class='ocrx_word' id='word_1_121' title='bbox 1372 1437 1532 1517; x_wconf 86' lang='lat' dir='ltr'><strong>perspexit.</strong></span> <span class='ocrx_word' id='word_1_122' title='bbox 1578 1436 1620 1499; x_wconf 90' lang='lat' dir='ltr'><strong>lta</strong></span> <span class='ocrx_word' id='word_1_123' title='bbox 1637 1455 1703 1499; x_wconf 92' lang='lat' dir='ltr'><strong>cum</strong></span> <span class='ocrx_word' id='word_1_124' title='bbox 1726 1437 1817 1500; x_wconf 90' lang='lat' dir='ltr'><strong>totius</strong></span> <span class='ocrx_word' id='word_1_125' title='bbox 1833 1441 2016 1518; x_wconf 87' lang='lat' dir='ltr'><strong>quaestionis</strong></span> 
     </span>
     <span class='ocr_line' id='line_1_12' title="bbox 314 1546 2015 1630; baseline -0.003 -12"><span class='ocrx_word' id='word_1_126' title='bbox 314 1554 506 1618; x_wconf 82' lang='lat' dir='ltr'><strong>fundamenta</strong></span> <span class='ocrx_word' id='word_1_127' title='bbox 530 1567 590 1612; x_wconf 93' lang='lat' dir='ltr'><strong>non</strong></span> <span class='ocrx_word' id='word_1_128' title='bbox 614 1549 684 1611; x_wconf 88' lang='lat' dir='ltr'><strong>setis</strong></span> <span class='ocrx_word' id='word_1_129' title='bbox 707 1548 830 1610; x_wconf 82' lang='lat' dir='ltr'><strong>firmiter</strong></span> <span class='ocrx_word' id='word_1_130' title='bbox 852 1549 925 1610; x_wconf 89' lang='lat' dir='ltr'><strong>iacta</strong></span> <span class='ocrx_word' id='word_1_131' title='bbox 948 1546 1020 1618; x_wconf 91' lang='lat' dir='ltr'><strong>sint,</strong></span> <span class='ocrx_word' id='word_1_132' title='bbox 1043 1564 1101 1608; x_wconf 93' lang='lat' dir='ltr'><strong>non</strong></span> <span class='ocrx_word' id='word_1_133' title='bbox 1126 1553 1170 1608; x_wconf 91' lang='lat' dir='ltr'><strong>est</strong></span> <span class='ocrx_word' id='word_1_134' title='bbox 1193 1548 1312 1620; x_wconf 91' lang='lat' dir='ltr'><strong>mirum,</strong></span> <span class='ocrx_word' id='word_1_135' title='bbox 1335 1550 1413 1628; x_wconf 92' lang='lat' dir='ltr'><strong>quod</strong></span> <span class='ocrx_word' id='word_1_136' title='bbox 1437 1549 1559 1624; x_wconf 91' lang='lat' dir='ltr'><strong>nemini,</strong></span> <span class='ocrx_word' id='word_1_137' title='bbox 1591 1559 1735 1630; x_wconf 86' lang='lat' dir='ltr'><strong>quantum</strong></span> <span class='ocrx_word' id='word_1_138' title='bbox 1759 1551 1829 1624; x_wconf 91' lang='lat' dir='ltr'><strong>scio,</strong></span> <span class='ocrx_word' id='word_1_139' title='bbox 1863 1569 2015 1613; x_wconf 90' lang='lat' dir='ltr'><strong>commen-</strong></span> 
     </span>
     <span class='ocr_line' id='line_1_13' title="bbox 318 1660 2018 1743; baseline -0.001 -15"><span class='ocrx_word' id='word_1_140' title='bbox 318 1667 428 1730; x_wconf 88' lang='lat' dir='ltr'><strong>tatione</strong></span> <span class='ocrx_word' id='word_1_141' title='bbox 451 1682 503 1726; x_wconf 88' lang='lat' dir='ltr'><strong>sue</strong></span> <span class='ocrx_word' id='word_1_142' title='bbox 525 1664 619 1743; x_wconf 86' lang='lat' dir='ltr'><strong>alique</strong></span> <span class='ocrx_word' id='word_1_143' title='bbox 644 1680 677 1723; x_wconf 88' lang='lat' dir='ltr'><strong>ex</strong></span> <span class='ocrx_word' id='word_1_144' title='bbox 696 1668 779 1742; x_wconf 88' lang='lat' dir='ltr'><strong>parte</strong></span> <span class='ocrx_word' id='word_1_145' title='bbox 794 1660 962 1741; x_wconf 86' lang='lat' dir='ltr'><strong>probaverit</strong></span> <span class='ocrx_word' id='word_1_146' title='bbox 978 1661 1145 1740; x_wconf 87' lang='lat' dir='ltr'><strong>tetralogies</strong></span> <span class='ocrx_word' id='word_1_147' title='bbox 1161 1661 1337 1742; x_wconf 79' lang='lat' dir='ltr'><strong>Antiphonti</strong></span> <span class='ocrx_word' id='word_1_148' title='bbox 1361 1663 1527 1725; x_wconf 89' lang='lat' dir='ltr'><strong>necessario</strong></span> <span class='ocrx_word' id='word_1_149' title='bbox 1544 1663 1714 1726; x_wconf 81' lang='lat' dir='ltr'><strong>tribuendas</strong></span> <span class='ocrx_word' id='word_1_150' title='bbox 1730 1683 1812 1737; x_wconf 88' lang='lat' dir='ltr'><strong>esse;</strong></span> <span class='ocrx_word' id='word_1_151' title='bbox 1835 1664 1887 1726; x_wconf 91' lang='lat' dir='ltr'><strong>sed</strong></span> <span class='ocrx_word' id='word_1_152' title='bbox 1911 1665 1948 1726; x_wconf 92' lang='lat' dir='ltr'><strong>de</strong></span> <span class='ocrx_word' id='word_1_153' title='bbox 1963 1665 2018 1728; x_wconf 87' lang='lat' dir='ltr'><strong>bae</strong></span> 
     </span>
     <span class='ocr_line' id='line_1_14' title="bbox 316 1773 798 1844; baseline -0.019 -1"><span class='ocrx_word' id='word_1_154' title='bbox 316 1799 348 1844; x_wconf 92' lang='lat' dir='ltr'><strong>re</strong></span> <span class='ocrx_word' id='word_1_155' title='bbox 370 1779 467 1841; x_wconf 86' lang='lat' dir='ltr'><strong>adhue</strong></span> <span class='ocrx_word' id='word_1_156' title='bbox 489 1777 525 1838; x_wconf 90' lang='lat' dir='ltr'><strong>lis</strong></span> <span class='ocrx_word' id='word_1_157' title='bbox 547 1775 602 1837; x_wconf 88' lang='lat' dir='ltr'><strong>snb</strong></span> <span class='ocrx_word' id='word_1_158' title='bbox 625 1773 721 1836; x_wconf 90' lang='lat' dir='ltr'><strong>iudice</strong></span> <span class='ocrx_word' id='word_1_159' title='bbox 743 1782 798 1836; x_wconf 89' lang='lat' dir='ltr'><strong>est.</strong></span> 
     </span>
    </p>

    <p class='ocr_par' dir='ltr' id='par_1_3' title="bbox 317 1883 2019 2871">
     <span class='ocr_line' id='line_1_15' title="bbox 459 1883 2017 1968; baseline -0.001 -17"><span class='ocrx_word' id='word_1_160' title='bbox 459 1889 499 1952; x_wconf 84' lang='lat' dir='ltr'><strong>lle</strong></span> <span class='ocrx_word' id='word_1_161' title='bbox 522 1887 623 1968; x_wconf 91' lang='lat' dir='ltr'><strong>quinta</strong></span> <span class='ocrx_word' id='word_1_162' title='bbox 645 1894 744 1949; x_wconf 89' lang='lat' dir='ltr'><strong>autem</strong></span> <span class='ocrx_word' id='word_1_163' title='bbox 769 1894 901 1948; x_wconf 87' lang='lat' dir='ltr'><strong>etsexta</strong></span> <span class='ocrx_word' id='word_1_164' title='bbox 924 1883 1119 1958; x_wconf 90' lang='lat' dir='ltr'><strong>orationibus,</strong></span> <span class='ocrx_word' id='word_1_165' title='bbox 1157 1884 1270 1947; x_wconf 82' lang='lat' dir='ltr'><strong>etiamsi</strong></span> <span class='ocrx_word' id='word_1_166' title='bbox 1294 1886 1328 1948; x_wconf 88' lang='lat' dir='ltr'><strong>ad</strong></span> <span class='ocrx_word' id='word_1_167' title='bbox 1352 1887 1407 1948; x_wconf 92' lang='lat' dir='ltr'><strong>boc</strong></span> <span class='ocrx_word' id='word_1_168' title='bbox 1429 1895 1549 1967; x_wconf 91' lang='lat' dir='ltr'><strong>tempus</strong></span> <span class='ocrx_word' id='word_1_169' title='bbox 1572 1887 1649 1949; x_wconf 89' lang='lat' dir='ltr'><strong>nulla</strong></span> <span class='ocrx_word' id='word_1_170' title='bbox 1679 1897 1740 1950; x_wconf 89' lang='lat' dir='ltr'><strong>erat</strong></span> <span class='ocrx_word' id='word_1_171' title='bbox 1768 1887 1910 1951; x_wconf 87' lang='lat' dir='ltr'><strong>dubitatio</strong></span> <span class='ocrx_word' id='word_1_172' title='bbox 1940 1891 2017 1951; x_wconf 88' lang='lat' dir='ltr'><strong>inter</strong></span> 
     </span>
     <span class='ocr_line' id='line_1_16' title="bbox 318 1995 2015 2081; baseline -0.002 -15"><span class='ocrx_word' id='word_1_173' title='bbox 318 2005 394 2066; x_wconf 84' lang='lat' dir='ltr'><strong>uiros</strong></span> <span class='ocrx_word' id='word_1_174' title='bbox 419 2003 522 2064; x_wconf 91' lang='lat' dir='ltr'><strong>doctns</strong></span> <span class='ocrx_word' id='word_1_175' title='bbox 545 1999 716 2062; x_wconf 89' lang='lat' dir='ltr'><strong>—omitto</strong></span> <span class='ocrx_word' id='word_1_176' title='bbox 739 2015 925 2070; x_wconf 89' lang='lat' dir='ltr'><strong>enumerare,</strong></span> <span class='ocrx_word' id='word_1_177' title='bbox 948 2015 1023 2076; x_wconf 90' lang='lat' dir='ltr'><strong>qnae</strong></span> <span class='ocrx_word' id='word_1_178' title='bbox 1048 1995 1192 2074; x_wconf 87' lang='lat' dir='ltr'><strong>lonsius⁴)</strong></span> <span class='ocrx_word' id='word_1_179' title='bbox 1215 2004 1377 2077; x_wconf 85' lang='lat' dir='ltr'><strong>posteaque</strong></span> <span class='ocrx_word' id='word_1_180' title='bbox 1399 1999 1616 2075; x_wconf 77' lang='lat' dir='ltr'><strong>Sehlosserus⁵)</strong></span> <span class='ocrx_word' id='word_1_181' title='bbox 1639 2009 1669 2062; x_wconf 91' lang='lat' dir='ltr'><strong>et</strong></span> <span class='ocrx_word' id='word_1_182' title='bbox 1691 2000 1864 2081; x_wconf 71' lang='lat' dir='ltr'><strong>Sloiternsl)</strong></span> <span class='ocrx_word' id='word_1_183' title='bbox 1892 2002 2015 2063; x_wconf 90' lang='lat' dir='ltr'><strong>strictim</strong></span> 
     </span>
     <span class='ocr_line' id='line_1_17' title="bbox 319 2108 2015 2192; baseline -0.002 -13"><span class='ocrx_word' id='word_1_184' title='bbox 319 2114 528 2179; x_wconf 87' lang='lat' dir='ltr'><strong>tantummodo</strong></span> <span class='ocrx_word' id='word_1_185' title='bbox 552 2118 796 2174; x_wconf 87' lang='lat' dir='ltr'><strong>censuerunt-</strong></span> <span class='ocrx_word' id='word_1_186' title='bbox 818 2119 917 2172; x_wconf 86' lang='lat' dir='ltr'><strong>lemen</strong></span> <span class='ocrx_word' id='word_1_187' title='bbox 940 2125 1018 2170; x_wconf 89' lang='lat' dir='ltr'><strong>unus</strong></span> <span class='ocrx_word' id='word_1_188' title='bbox 1041 2108 1139 2169; x_wconf 91' lang='lat' dir='ltr'><strong>haesit</strong></span> <span class='ocrx_word' id='word_1_189' title='bbox 1161 2109 1378 2186; x_wconf 70' lang='lat' dir='ltr'><strong>Wagenerus),</strong></span> <span class='ocrx_word' id='word_1_190' title='bbox 1400 2112 1450 2192; x_wconf 92' lang='lat' dir='ltr'><strong>qui</strong></span> <span class='ocrx_word' id='word_1_191' title='bbox 1473 2112 1637 2174; x_wconf 88' lang='lat' dir='ltr'><strong>orationem</strong></span> <span class='ocrx_word' id='word_1_192' title='bbox 1661 2112 1697 2174; x_wconf 92' lang='lat' dir='ltr'><strong>de</strong></span> <span class='ocrx_word' id='word_1_193' title='bbox 1723 2113 1861 2176; x_wconf 82' lang='lat' dir='ltr'><strong>saltatore</strong></span> <span class='ocrx_word' id='word_1_194' title='bbox 1888 2113 2015 2176; x_wconf 89' lang='lat' dir='ltr'><strong>habitam</strong></span> 
     </span>
     <span class='ocr_line' id='line_1_18' title="bbox 317 2221 2019 2307; baseline -0.002 -16"><span class='ocrx_word' id='word_1_195' title='bbox 317 2247 378 2291; x_wconf 90' lang='lat' dir='ltr'><strong>non</strong></span> <span class='ocrx_word' id='word_1_196' title='bbox 402 2227 520 2305; x_wconf 89' lang='lat' dir='ltr'><strong>dignam</strong></span> <span class='ocrx_word' id='word_1_197' title='bbox 545 2243 610 2286; x_wconf 89' lang='lat' dir='ltr'><strong>esse</strong></span> <span class='ocrx_word' id='word_1_198' title='bbox 633 2241 808 2304; x_wconf 86' lang='lat' dir='ltr'><strong>persuasum</strong></span> <span class='ocrx_word' id='word_1_199' title='bbox 832 2221 928 2295; x_wconf 88' lang='lat' dir='ltr'><strong>habet,</strong></span> <span class='ocrx_word' id='word_1_200' title='bbox 952 2241 1026 2301; x_wconf 90' lang='lat' dir='ltr'><strong>quae</strong></span> <span class='ocrx_word' id='word_1_201' title='bbox 1042 2221 1215 2301; x_wconf 78' lang='lat' dir='ltr'><strong>Antiphonti</strong></span> <span class='ocrx_word' id='word_1_202' title='bbox 1239 2222 1446 2286; x_wconf 90' lang='lat' dir='ltr'><strong>substituatur.</strong></span> <span class='ocrx_word' id='word_1_203' title='bbox 1492 2225 1593 2304; x_wconf 89' lang='lat' dir='ltr'><strong>Neque</strong></span> <span class='ocrx_word' id='word_1_204' title='bbox 1618 2243 1684 2286; x_wconf 86' lang='lat' dir='ltr'><strong>vero</strong></span> <span class='ocrx_word' id='word_1_205' title='bbox 1709 2243 1828 2307; x_wconf 90' lang='lat' dir='ltr'><strong>possum</strong></span> <span class='ocrx_word' id='word_1_206' title='bbox 1847 2225 1961 2296; x_wconf 88' lang='lat' dir='ltr'><strong>adduci,</strong></span> <span class='ocrx_word' id='word_1_207' title='bbox 1986 2236 2019 2288; x_wconf 91' lang='lat' dir='ltr'><strong>ut</strong></span> 
     </span>
     <span class='ocr_line' id='line_1_19' title="bbox 318 2333 2018 2420; baseline -0.002 -16"><span class='ocrx_word' id='word_1_208' title='bbox 318 2343 354 2404; x_wconf 89' lang='lat' dir='ltr'><strong>ad</strong></span> <span class='ocrx_word' id='word_1_209' title='bbox 371 2339 524 2420; x_wconf 86' lang='lat' dir='ltr'><strong>Wageneri</strong></span> <span class='ocrx_word' id='word_1_210' title='bbox 547 2337 725 2399; x_wconf 87' lang='lat' dir='ltr'><strong>sententiam</strong></span> <span class='ocrx_word' id='word_1_211' title='bbox 750 2335 896 2404; x_wconf 90' lang='lat' dir='ltr'><strong>accedam,</strong></span> <span class='ocrx_word' id='word_1_212' title='bbox 920 2353 986 2396; x_wconf 88' lang='lat' dir='ltr'><strong>oum</strong></span> <span class='ocrx_word' id='word_1_213' title='bbox 1010 2333 1040 2395; x_wconf 92' lang='lat' dir='ltr'><strong>in</strong></span> <span class='ocrx_word' id='word_1_214' title='bbox 1064 2333 1241 2414; x_wconf 89' lang='lat' dir='ltr'><strong>perlegendo</strong></span> <span class='ocrx_word' id='word_1_215' title='bbox 1263 2334 1361 2396; x_wconf 89' lang='lat' dir='ltr'><strong>libello</strong></span> <span class='ocrx_word' id='word_1_216' title='bbox 1384 2354 1472 2398; x_wconf 92' lang='lat' dir='ltr'><strong>nemo</strong></span> <span class='ocrx_word' id='word_1_217' title='bbox 1497 2355 1556 2398; x_wconf 94' lang='lat' dir='ltr'><strong>non</strong></span> <span class='ocrx_word' id='word_1_218' title='bbox 1580 2347 1738 2417; x_wconf 88' lang='lat' dir='ltr'><strong>cognoscat</strong></span> <span class='ocrx_word' id='word_1_219' title='bbox 1760 2356 1856 2419; x_wconf 89' lang='lat' dir='ltr'><strong>neque</strong></span> <span class='ocrx_word' id='word_1_220' title='bbox 1872 2357 1905 2399; x_wconf 90' lang='lat' dir='ltr'><strong>ex</strong></span> <span class='ocrx_word' id='word_1_221' title='bbox 1921 2340 2018 2400; x_wconf 88' lang='lat' dir='ltr'><strong>causis</strong></span> 
     </span>
     <span class='ocr_line' id='line_1_20' title="bbox 318 2447 2018 2536; baseline -0.002 -20"><span class='ocrx_word' id='word_1_222' title='bbox 318 2453 448 2536; x_wconf 85' lang='lat' dir='ltr'><strong>prolatis,</strong></span> <span class='ocrx_word' id='word_1_223' title='bbox 471 2469 547 2532; x_wconf 90' lang='lat' dir='ltr'><strong>qnae</strong></span> <span class='ocrx_word' id='word_1_224' title='bbox 570 2450 605 2530; x_wconf 81' lang='lat' dir='ltr'><strong>ad</strong></span> <span class='ocrx_word' id='word_1_225' title='bbox 629 2467 691 2510; x_wconf 92' lang='lat' dir='ltr'><strong>rem</strong></span> <span class='ocrx_word' id='word_1_226' title='bbox 715 2448 879 2510; x_wconf 88' lang='lat' dir='ltr'><strong>iudicialem</strong></span> <span class='ocrx_word' id='word_1_227' title='bbox 905 2455 935 2508; x_wconf 89' lang='lat' dir='ltr'><strong>et</strong></span> <span class='ocrx_word' id='word_1_228' title='bbox 956 2447 1122 2527; x_wconf 87' lang='lat' dir='ltr'><strong>argumenti</strong></span> <span class='ocrx_word' id='word_1_229' title='bbox 1146 2448 1353 2510; x_wconf 89' lang='lat' dir='ltr'><strong>tractationem</strong></span> <span class='ocrx_word' id='word_1_230' title='bbox 1378 2450 1535 2529; x_wconf 89' lang='lat' dir='ltr'><strong>pertinent,</strong></span> <span class='ocrx_word' id='word_1_231' title='bbox 1568 2468 1665 2532; x_wconf 88' lang='lat' dir='ltr'><strong>neque</strong></span> <span class='ocrx_word' id='word_1_232' title='bbox 1687 2471 1723 2513; x_wconf 92' lang='lat' dir='ltr'><strong>ex</strong></span> <span class='ocrx_word' id='word_1_233' title='bbox 1745 2452 1890 2514; x_wconf 89' lang='lat' dir='ltr'><strong>sermonis</strong></span> <span class='ocrx_word' id='word_1_234' title='bbox 1914 2452 2018 2532; x_wconf 91' lang='lat' dir='ltr'><strong>singu-</strong></span> 
     </span>
     <span class='ocr_line' id='line_1_21' title="bbox 319 2561 2018 2641; baseline -0.001 -11"><span class='ocrx_word' id='word_1_235' title='bbox 319 2566 484 2630; x_wconf 88' lang='lat' dir='ltr'><strong>laritatibus</strong></span> <span class='ocrx_word' id='word_1_236' title='bbox 506 2563 594 2625; x_wconf 82' lang='lat' dir='ltr'><strong>ullam</strong></span> <span class='ocrx_word' id='word_1_237' title='bbox 619 2562 843 2624; x_wconf 86' lang='lat' dir='ltr'><strong>haesitationem</strong></span> <span class='ocrx_word' id='word_1_238' title='bbox 868 2569 970 2623; x_wconf 87' lang='lat' dir='ltr'><strong>contre</strong></span> <span class='ocrx_word' id='word_1_239' title='bbox 993 2561 1136 2641; x_wconf 88' lang='lat' dir='ltr'><strong>originem</strong></span> <span class='ocrx_word' id='word_1_240' title='bbox 1160 2562 1318 2640; x_wconf 86' lang='lat' dir='ltr'><strong>genuinam</strong></span> <span class='ocrx_word' id='word_1_241' title='bbox 1342 2563 1597 2626; x_wconf 86' lang='lat' dir='ltr'><strong>etauctoritatem</strong></span> <span class='ocrx_word' id='word_1_242' title='bbox 1620 2563 1699 2626; x_wconf 89' lang='lat' dir='ltr'><strong>illius</strong></span> <span class='ocrx_word' id='word_1_243' title='bbox 1727 2565 1867 2626; x_wconf 89' lang='lat' dir='ltr'><strong>orationis</strong></span> <span class='ocrx_word' id='word_1_244' title='bbox 1895 2565 2018 2628; x_wconf 86' lang='lat' dir='ltr'><strong>derivari</strong></span> 
     </span>
     <span class='ocr_line' id='line_1_22' title="bbox 318 2672 2017 2762; baseline -0.002 -21"><span class='ocrx_word' id='word_1_245' title='bbox 318 2697 415 2762; x_wconf 88' lang='lat' dir='ltr'><strong>posse.</strong></span> <span class='ocrx_word' id='word_1_246' title='bbox 461 2675 574 2750; x_wconf 81' lang='lat' dir='ltr'><strong>Quibus</strong></span> <span class='ocrx_word' id='word_1_247' title='bbox 598 2675 752 2756; x_wconf 88' lang='lat' dir='ltr'><strong>perpensis</strong></span> <span class='ocrx_word' id='word_1_248' title='bbox 775 2673 804 2736; x_wconf 91' lang='lat' dir='ltr'><strong>id</strong></span> <span class='ocrx_word' id='word_1_249' title='bbox 828 2674 948 2754; x_wconf 88' lang='lat' dir='ltr'><strong>quidem</strong></span> <span class='ocrx_word' id='word_1_250' title='bbox 972 2674 1036 2736; x_wconf 84' lang='lat' dir='ltr'><strong>sine</strong></span> <span class='ocrx_word' id='word_1_251' title='bbox 1058 2673 1114 2735; x_wconf 85' lang='lat' dir='ltr'><strong>olla</strong></span> <span class='ocrx_word' id='word_1_252' title='bbox 1139 2672 1322 2737; x_wconf 89' lang='lat' dir='ltr'><strong>dubitatione</strong></span> <span class='ocrx_word' id='word_1_253' title='bbox 1344 2675 1499 2739; x_wconf 85' lang='lat' dir='ltr'><strong>adfirmare</strong></span> <span class='ocrx_word' id='word_1_254' title='bbox 1525 2693 1686 2755; x_wconf 85' lang='lat' dir='ltr'><strong>possumus</strong></span> <span class='ocrx_word' id='word_1_255' title='bbox 1713 2676 1876 2738; x_wconf 90' lang='lat' dir='ltr'><strong>orationem</strong></span> <span class='ocrx_word' id='word_1_256' title='bbox 1906 2687 2017 2738; x_wconf 88' lang='lat' dir='ltr'><strong>sextam</strong></span> 
     </span>
     <span class='ocr_line' id='line_1_23' title="bbox 320 2787 638 2871; baseline -0.016 -18"><span class='ocrx_word' id='word_1_257' title='bbox 320 2789 509 2871; x_wconf 83' lang='lat' dir='ltr'><strong>Antiphontis</strong></span> <span class='ocrx_word' id='word_1_258' title='bbox 531 2787 638 2864; x_wconf 69' lang='lat' dir='ltr'><strong>essell.</strong></span> 
     </span>
    </p>

    <p class='ocr_par' dir='ltr' id='par_1_4' title="bbox 320 2899 2020 3770">
     <span class='ocr_line' id='line_1_24' title="bbox 461 2899 2015 2980; baseline 0.001 -18"><span class='ocrx_word' id='word_1_259' title='bbox 461 2901 501 2962; x_wconf 84' lang='lat' dir='ltr'><strong>lle</strong></span> <span class='ocrx_word' id='word_1_260' title='bbox 524 2899 684 2977; x_wconf 81' lang='lat' dir='ltr'><strong>tetraloglis</strong></span> <span class='ocrx_word' id='word_1_261' title='bbox 707 2909 818 2972; x_wconf 86' lang='lat' dir='ltr'><strong>eutem,</strong></span> <span class='ocrx_word' id='word_1_262' title='bbox 841 2917 909 2960; x_wconf 89' lang='lat' dir='ltr'><strong>cum</strong></span> <span class='ocrx_word' id='word_1_263' title='bbox 934 2899 1029 2960; x_wconf 92' lang='lat' dir='ltr'><strong>editor</strong></span> <span class='ocrx_word' id='word_1_264' title='bbox 1051 2899 1219 2961; x_wconf 88' lang='lat' dir='ltr'><strong>orationum</strong></span> <span class='ocrx_word' id='word_1_265' title='bbox 1244 2899 1511 2980; x_wconf 90' lang='lat' dir='ltr'><strong>Antiphonlearum</strong></span> <span class='ocrx_word' id='word_1_266' title='bbox 1541 2902 1768 2966; x_wconf 87' lang='lat' dir='ltr'><strong>recentissimus</strong></span> <span class='ocrx_word' id='word_1_267' title='bbox 1790 2901 2015 2980; x_wconf 74' lang='lat' dir='ltr'><strong>Jernstedtiusll</strong></span> 
     </span>
     <span class='ocr_line' id='line_1_25' title="bbox 320 3011 2017 3096; baseline -0.001 -18"><span class='ocrx_word' id='word_1_268' title='bbox 320 3013 510 3078; x_wconf 87' lang='lat' dir='ltr'><strong>acerbissime</strong></span> <span class='ocrx_word' id='word_1_269' title='bbox 532 3013 563 3074; x_wconf 91' lang='lat' dir='ltr'><strong>in</strong></span> <span class='ocrx_word' id='word_1_270' title='bbox 586 3031 637 3074; x_wconf 87' lang='lat' dir='ltr'><strong>eos</strong></span> <span class='ocrx_word' id='word_1_271' title='bbox 660 3011 824 3082; x_wconf 80' lang='lat' dir='ltr'><strong>invehatur,</strong></span> <span class='ocrx_word' id='word_1_272' title='bbox 847 3013 897 3091; x_wconf 89' lang='lat' dir='ltr'><strong>qui</strong></span> <span class='ocrx_word' id='word_1_273' title='bbox 920 3012 983 3074; x_wconf 89' lang='lat' dir='ltr'><strong>illas</strong></span> <span class='ocrx_word' id='word_1_274' title='bbox 1006 3011 1205 3074; x_wconf 84' lang='lat' dir='ltr'><strong>oratiunculas</strong></span> <span class='ocrx_word' id='word_1_275' title='bbox 1228 3031 1243 3074; x_wconf 90' lang='lat' dir='ltr'><strong>a</strong></span> <span class='ocrx_word' id='word_1_276' title='bbox 1266 3013 1450 3075; x_wconf 84' lang='lat' dir='ltr'><strong>Rhamnusio</strong></span> <span class='ocrx_word' id='word_1_277' title='bbox 1473 3011 1709 3088; x_wconf 86' lang='lat' dir='ltr'><strong>abiudicaverint,</strong></span> <span class='ocrx_word' id='word_1_278' title='bbox 1734 3033 1829 3096; x_wconf 87' lang='lat' dir='ltr'><strong>neque</strong></span> <span class='ocrx_word' id='word_1_279' title='bbox 1851 3026 2017 3095; x_wconf 90' lang='lat' dir='ltr'><strong>temperare</strong></span> 
     </span>
     <span class='ocr_line' id='line_1_26' title="bbox 322 3123 2018 3210; baseline -0.001 -19"><span class='ocrx_word' id='word_1_280' title='bbox 322 3129 377 3191; x_wconf 90' lang='lat' dir='ltr'><strong>sibi</strong></span> <span class='ocrx_word' id='word_1_281' title='bbox 402 3127 504 3208; x_wconf 90' lang='lat' dir='ltr'><strong>possit,</strong></span> <span class='ocrx_word' id='word_1_282' title='bbox 539 3125 611 3206; x_wconf 90' lang='lat' dir='ltr'><strong>quin</strong></span> <span class='ocrx_word' id='word_1_283' title='bbox 638 3133 848 3204; x_wconf 87' lang='lat' dir='ltr'><strong>argumentaa</strong></span> <span class='ocrx_word' id='word_1_284' title='bbox 879 3123 979 3186; x_wconf 88' lang='lat' dir='ltr'><strong>Pahlio</strong></span> <span class='ocrx_word' id='word_1_285' title='bbox 1007 3124 1117 3204; x_wconf 87' lang='lat' dir='ltr'><strong>prolata</strong></span> <span class='ocrx_word' id='word_1_286' title='bbox 1152 3125 1272 3205; x_wconf 89' lang='lat' dir='ltr'><strong>puerilia</strong></span> <span class='ocrx_word' id='word_1_287' title='bbox 1306 3127 1414 3190; x_wconf 90' lang='lat' dir='ltr'><strong>iudicet</strong></span> <span class='ocrx_word' id='word_1_288' title='bbox 1447 3161 1487 3174; x_wconf 91' lang='grc'><strong>--</strong></span> <span class='ocrx_word' id='word_1_289' title='bbox 1522 3129 1721 3191; x_wconf 87' lang='lat' dir='ltr'><strong>Jernstedtins</strong></span> <span class='ocrx_word' id='word_1_290' title='bbox 1756 3129 1817 3210; x_wconf 91' lang='lat' dir='ltr'><strong>ipse</strong></span> <span class='ocrx_word' id='word_1_291' title='bbox 1852 3127 2018 3206; x_wconf 81' lang='lat' dir='ltr'><strong>tetralogies</strong></span> 
     </span>
     <span class='ocr_line' id='line_1_27' title="bbox 321 3236 2019 3322; baseline 0.001 -19"><span class='ocrx_word' id='word_1_292' title='bbox 321 3241 463 3320; x_wconf 88' lang='lat' dir='ltr'><strong>genuinas</strong></span> <span class='ocrx_word' id='word_1_293' title='bbox 486 3237 641 3310; x_wconf 92' lang='lat' dir='ltr'><strong>existimat,</strong></span> <span class='ocrx_word' id='word_1_294' title='bbox 665 3237 742 3317; x_wconf 92' lang='lat' dir='ltr'><strong>qood</strong></span> <span class='ocrx_word' id='word_1_295' title='bbox 765 3236 875 3298; x_wconf 82' lang='lat' dir='ltr'><strong>frustm</strong></span> <span class='ocrx_word' id='word_1_296' title='bbox 898 3256 1032 3317; x_wconf 90' lang='lat' dir='ltr'><strong>quaeras,</strong></span> <span class='ocrx_word' id='word_1_297' title='bbox 1056 3238 1089 3299; x_wconf 90' lang='lat' dir='ltr'><strong>ad</strong></span> <span class='ocrx_word' id='word_1_298' title='bbox 1114 3256 1202 3318; x_wconf 92' lang='lat' dir='ltr'><strong>quem</strong></span> <span class='ocrx_word' id='word_1_299' title='bbox 1226 3247 1372 3302; x_wconf 88' lang='lat' dir='ltr'><strong>oratorem</strong></span> <span class='ocrx_word' id='word_1_300' title='bbox 1397 3243 1460 3304; x_wconf 86' lang='lat' dir='ltr'><strong>sive</strong></span> <span class='ocrx_word' id='word_1_301' title='bbox 1483 3243 1631 3304; x_wconf 91' lang='lat' dir='ltr'><strong>rhetorem</strong></span> <span class='ocrx_word' id='word_1_302' title='bbox 1649 3243 1718 3304; x_wconf 92' lang='lat' dir='ltr'><strong>illud</strong></span> <span class='ocrx_word' id='word_1_303' title='bbox 1735 3243 1908 3306; x_wconf 88' lang='lat' dir='ltr'><strong>elocutionis</strong></span> <span class='ocrx_word' id='word_1_304' title='bbox 1925 3261 2019 3322; x_wconf 90' lang='lat' dir='ltr'><strong>genus</strong></span> 
     </span>
     <span class='ocr_line' id='line_1_28' title="bbox 324 3349 2019 3436; baseline -0.001 -20"><span class='ocrx_word' id='word_1_305' title='bbox 324 3355 415 3434; x_wconf 84' lang='lat' dir='ltr'><strong>magis</strong></span> <span class='ocrx_word' id='word_1_306' title='bbox 439 3349 595 3414; x_wconf 88' lang='lat' dir='ltr'><strong>conveniat</strong></span> <span class='ocrx_word' id='word_1_307' title='bbox 616 3367 704 3430; x_wconf 89' lang='lat' dir='ltr'><strong>quam</strong></span> <span class='ocrx_word' id='word_1_308' title='bbox 729 3351 765 3412; x_wconf 89' lang='lat' dir='ltr'><strong>ad</strong></span> <span class='ocrx_word' id='word_1_309' title='bbox 787 3368 853 3412; x_wconf 88' lang='lat' dir='ltr'><strong>eunr</strong></span> <span class='ocrx_word' id='word_1_310' title='bbox 878 3351 927 3430; x_wconf 91' lang='lat' dir='ltr'><strong>qni</strong></span> <span class='ocrx_word' id='word_1_311' title='bbox 951 3351 975 3411; x_wconf 90' lang='lat' dir='ltr'><strong>si</strong></span> <span class='ocrx_word' id='word_1_312' title='bbox 992 3369 1051 3412; x_wconf 94' lang='lat' dir='ltr'><strong>non</strong></span> <span class='ocrx_word' id='word_1_313' title='bbox 1074 3350 1140 3422; x_wconf 84' lang='lat' dir='ltr'><strong>fuit,</strong></span> <span class='ocrx_word' id='word_1_314' title='bbox 1165 3359 1194 3412; x_wconf 92' lang='lat' dir='ltr'><strong>at</strong></span> <span class='ocrx_word' id='word_1_315' title='bbox 1216 3352 1314 3414; x_wconf 90' lang='lat' dir='ltr'><strong>haberi</strong></span> <span class='ocrx_word' id='word_1_316' title='bbox 1332 3354 1428 3434; x_wconf 91' lang='lat' dir='ltr'><strong>potuit</strong></span> <span class='ocrx_word' id='word_1_317' title='bbox 1445 3355 1583 3434; x_wconf 90' lang='lat' dir='ltr'><strong>magister</strong></span> <span class='ocrx_word' id='word_1_318' title='bbox 1597 3354 1776 3434; x_wconf 79' lang='lat' dir='ltr'><strong>Thucydidis</strong></span> <span class='ocrx_word' id='word_1_319' title='bbox 1791 3391 1833 3400; x_wconf 92' lang='lat'><strong>—</strong></span> <span class='ocrx_word' id='word_1_320' title='bbox 1849 3357 2019 3436; x_wconf 91' lang='lat' dir='ltr'><strong>nuperrime</strong></span> 
     </span>
     <span class='ocr_line' id='line_1_29' title="bbox 323 3462 2017 3544; baseline -0.001 -17"><span class='ocrx_word' id='word_1_321' title='bbox 323 3483 415 3528; x_wconf 90' lang='lat' dir='ltr'><strong>novae</strong></span> <span class='ocrx_word' id='word_1_322' title='bbox 437 3463 605 3526; x_wconf 89' lang='lat' dir='ltr'><strong>sententiae</strong></span> <span class='ocrx_word' id='word_1_323' title='bbox 627 3473 697 3523; x_wconf 91' lang='lat' dir='ltr'><strong>sunt</strong></span> <span class='ocrx_word' id='word_1_324' title='bbox 719 3471 872 3543; x_wconf 90' lang='lat' dir='ltr'><strong>promptae</strong></span> <span class='ocrx_word' id='word_1_325' title='bbox 901 3462 1210 3544; x_wconf 74' lang='lat' dir='ltr'><strong>ahllerwerden010),</strong></span> <span class='ocrx_word' id='word_1_326' title='bbox 1245 3467 1327 3528; x_wconf 91' lang='lat' dir='ltr'><strong>cuius</strong></span> <span class='ocrx_word' id='word_1_327' title='bbox 1356 3467 1497 3530; x_wconf 91' lang='lat' dir='ltr'><strong>iudicium</strong></span> <span class='ocrx_word' id='word_1_328' title='bbox 1522 3467 1803 3544; x_wconf 72' lang='lat' dir='ltr'><strong>bitlenbergerusfl)</strong></span> <span class='ocrx_word' id='word_1_329' title='bbox 1838 3465 2017 3528; x_wconf 79' lang='lat' dir='ltr'><strong>collaudavit.</strong></span> 
     </span>
     <span class='ocr_line' id='line_1_30' title="bbox 326 3573 2020 3659; baseline 0.001 -20"><span class='ocrx_word' id='word_1_330' title='bbox 326 3578 471 3652; x_wconf 86' lang='lat' dir='ltr'><strong>Quoniam</strong></span> <span class='ocrx_word' id='word_1_331' title='bbox 496 3575 526 3635; x_wconf 95' lang='lat' dir='ltr'><strong>hi</strong></span> <span class='ocrx_word' id='word_1_332' title='bbox 550 3574 602 3636; x_wconf 90' lang='lat' dir='ltr'><strong>viri</strong></span> <span class='ocrx_word' id='word_1_333' title='bbox 625 3573 785 3634; x_wconf 89' lang='lat' dir='ltr'><strong>doctissimi</strong></span> <span class='ocrx_word' id='word_1_334' title='bbox 810 3574 939 3636; x_wconf 81' lang='lat' dir='ltr'><strong>breviter</strong></span> <span class='ocrx_word' id='word_1_335' title='bbox 963 3582 1076 3637; x_wconf 88' lang='lat' dir='ltr'><strong>tantum</strong></span> <span class='ocrx_word' id='word_1_336' title='bbox 1101 3584 1130 3637; x_wconf 89' lang='lat' dir='ltr'><strong>et</strong></span> <span class='ocrx_word' id='word_1_337' title='bbox 1153 3577 1235 3656; x_wconf 90' lang='lat' dir='ltr'><strong>qnasi</strong></span> <span class='ocrx_word' id='word_1_338' title='bbox 1258 3578 1287 3639; x_wconf 94' lang='lat' dir='ltr'><strong>in</strong></span> <span class='ocrx_word' id='word_1_339' title='bbox 1311 3588 1482 3642; x_wconf 88' lang='lat' dir='ltr'><strong>transcursu</strong></span> <span class='ocrx_word' id='word_1_340' title='bbox 1504 3581 1567 3642; x_wconf 90' lang='lat' dir='ltr'><strong>illae</strong></span> <span class='ocrx_word' id='word_1_341' title='bbox 1584 3577 1737 3659; x_wconf 91' lang='lat' dir='ltr'><strong>opiniones</strong></span> <span class='ocrx_word' id='word_1_342' title='bbox 1753 3579 2020 3659; x_wconf 86' lang='lat' dir='ltr'><strong>pronuntiaverunt</strong></span> 
     </span>
     <span class='ocr_line' id='line_1_31' title="bbox 326 3684 2018 3770; baseline 0.001 -20"><span class='ocrx_word' id='word_1_343' title='bbox 326 3698 416 3768; x_wconf 91' lang='lat' dir='ltr'><strong>atque</strong></span> <span class='ocrx_word' id='word_1_344' title='bbox 437 3685 585 3766; x_wconf 89' lang='lat' dir='ltr'><strong>imprimis</strong></span> <span class='ocrx_word' id='word_1_345' title='bbox 608 3686 637 3746; x_wconf 92' lang='lat' dir='ltr'><strong>in</strong></span> <span class='ocrx_word' id='word_1_346' title='bbox 669 3684 768 3747; x_wconf 91' lang='lat' dir='ltr'><strong>animo</strong></span> <span class='ocrx_word' id='word_1_347' title='bbox 798 3687 966 3750; x_wconf 85' lang='lat' dir='ltr'><strong>habuerunt</strong></span> <span class='ocrx_word' id='word_1_348' title='bbox 993 3699 1159 3750; x_wconf 91' lang='lat' dir='ltr'><strong>monstrare</strong></span> <span class='ocrx_word' id='word_1_349' title='bbox 1183 3690 1258 3754; x_wconf 90' lang='lat' dir='ltr'><strong>hanc</strong></span> <span class='ocrx_word' id='word_1_350' title='bbox 1281 3694 1433 3756; x_wconf 87' lang='lat' dir='ltr'><strong>materiam</strong></span> <span class='ocrx_word' id='word_1_351' title='bbox 1468 3692 1565 3754; x_wconf 89' lang='lat' dir='ltr'><strong>denuo</strong></span> <span class='ocrx_word' id='word_1_352' title='bbox 1597 3689 1854 3770; x_wconf 80' lang='lat' dir='ltr'><strong>retractandam¹²)</strong></span> <span class='ocrx_word' id='word_1_353' title='bbox 1878 3711 1953 3766; x_wconf 89' lang='lat' dir='ltr'><strong>esse,</strong></span> <span class='ocrx_word' id='word_1_354' title='bbox 1986 3692 2018 3753; x_wconf 92' lang='lat' dir='ltr'><strong>in</strong></span> 
     </span>
    </p>
   </div>
   <div class='ocr_carea' id='block_1_3' title="bbox 325 3859 2021 4703">
    <p class='ocr_par' dir='ltr' id='par_1_5' title="bbox 458 3859 1150 3926">
     <span class='ocr_line' id='line_1_32' title="bbox 458 3859 1150 3926; baseline 0.006 -17"><span class='ocrx_word' id='word_1_355' title='bbox 458 3861 476 3923; x_wconf 80' lang='lat'><strong>¹]</strong></span> <span class='ocrx_word' id='word_1_356' title='bbox 498 3859 726 3925; x_wconf 89' lang='lat' dir='ltr'><strong>Antiphonteorum</strong></span> <span class='ocrx_word' id='word_1_357' title='bbox 745 3860 877 3926; x_wconf 85' lang='lat' dir='ltr'><strong>specimen.</strong></span> <span class='ocrx_word' id='word_1_358' title='bbox 906 3861 978 3912; x_wconf 87' lang='lat' dir='ltr'><strong>ilalis</strong></span> <span class='ocrx_word' id='word_1_359' title='bbox 997 3862 1057 3914; x_wconf 77' lang='lat' dir='ltr'><strong>Sex.</strong></span> <span class='ocrx_word' id='word_1_360' title='bbox 1078 3862 1150 3913; x_wconf 83' lang='grc'><strong>1874.</strong></span> 
     </span>
    </p>

    <p class='ocr_par' dir='ltr' id='par_1_6' title="bbox 460 3945 1869 4018">
     <span class='ocr_line' id='line_1_33' title="bbox 460 3945 1869 4018; baseline 0.004 -21"><span class='ocrx_word' id='word_1_361' title='bbox 460 3945 479 4007; x_wconf 79' lang='lat'><strong>²)</strong></span> <span class='ocrx_word' id='word_1_362' title='bbox 498 3945 665 4012; x_wconf 86' lang='lat' dir='ltr'><strong>Antiphontis</strong></span> <span class='ocrx_word' id='word_1_363' title='bbox 685 3960 741 3997; x_wconf 92' lang='lat' dir='ltr'><strong>esse</strong></span> <span class='ocrx_word' id='word_1_364' title='bbox 760 3947 909 4012; x_wconf 74' lang='lat' dir='ltr'><strong>orationem,</strong></span> <span class='ocrx_word' id='word_1_365' title='bbox 928 3964 1000 4015; x_wconf 81' lang='lat' dir='ltr'><strong>quant</strong></span> <span class='ocrx_word' id='word_1_366' title='bbox 1018 3949 1143 4000; x_wconf 90' lang='lat' dir='ltr'><strong>editiones</strong></span> <span class='ocrx_word' id='word_1_367' title='bbox 1162 3950 1283 4002; x_wconf 85' lang='lat' dir='ltr'><strong>exhibent</strong></span> <span class='ocrx_word' id='word_1_368' title='bbox 1302 3951 1414 4018; x_wconf 83' lang='lat' dir='ltr'><strong>primam,</strong></span> <span class='ocrx_word' id='word_1_369' title='bbox 1432 3952 1628 4004; x_wconf 77' lang='lat' dir='ltr'><strong>demonstretur.</strong></span> <span class='ocrx_word' id='word_1_370' title='bbox 1667 3950 1772 4004; x_wconf 91' lang='lat' dir='ltr'><strong>Vindoh.</strong></span> <span class='ocrx_word' id='word_1_371' title='bbox 1796 3953 1869 4005; x_wconf 83' lang='grc'><strong>1881.</strong></span> 
     </span>
    </p>

    <p class='ocr_par' dir='ltr' id='par_1_7' title="bbox 463 4030 1357 4103">
     <span class='ocr_line' id='line_1_34' title="bbox 463 4030 1357 4103; baseline 0.007 -21"><span class='ocrx_word' id='word_1_372' title='bbox 463 4033 483 4096; x_wconf 82' lang='lat'><strong>³)</strong></span> <span class='ocrx_word' id='word_1_373' title='bbox 501 4031 537 4082; x_wconf 83' lang='lat' dir='ltr'><strong>lle</strong></span> <span class='ocrx_word' id='word_1_374' title='bbox 557 4031 719 4098; x_wconf 84' lang='lat' dir='ltr'><strong>Antiphontis</strong></span> <span class='ocrx_word' id='word_1_375' title='bbox 738 4030 885 4086; x_wconf 85' lang='lat' dir='ltr'><strong>llbsmnosii</strong></span> <span class='ocrx_word' id='word_1_376' title='bbox 903 4035 1056 4101; x_wconf 88' lang='lat' dir='ltr'><strong>tetralogiis.</strong></span> <span class='ocrx_word' id='word_1_377' title='bbox 1093 4035 1246 4103; x_wconf 77' lang='lat' dir='ltr'><strong>oldenburg.</strong></span> <span class='ocrx_word' id='word_1_378' title='bbox 1284 4037 1357 4088; x_wconf 79' lang='grc'><strong>1816,</strong></span> 
     </span>
    </p>

    <p class='ocr_par' dir='ltr' id='par_1_8' title="bbox 456 4117 1215 4186">
     <span class='ocr_line' id='line_1_35' title="bbox 456 4117 1215 4186; baseline 0.007 -17"><span class='ocrx_word' id='word_1_379' title='bbox 456 4121 477 4182; x_wconf 81' lang='lat'><strong>⁴)</strong></span> <span class='ocrx_word' id='word_1_380' title='bbox 495 4118 531 4170; x_wconf 86' lang='lat' dir='ltr'><strong>lle</strong></span> <span class='ocrx_word' id='word_1_381' title='bbox 549 4118 668 4184; x_wconf 88' lang='lat' dir='ltr'><strong>scriptor.</strong></span> <span class='ocrx_word' id='word_1_382' title='bbox 690 4117 750 4170; x_wconf 81' lang='lat' dir='ltr'><strong>hist</strong></span> <span class='ocrx_word' id='word_1_383' title='bbox 770 4120 829 4186; x_wconf 91' lang='lat' dir='ltr'><strong>phil.</strong></span> <span class='ocrx_word' id='word_1_384' title='bbox 866 4119 908 4185; x_wconf 84' lang='lat' dir='ltr'><strong>tv,</strong></span> <span class='ocrx_word' id='word_1_385' title='bbox 927 4123 985 4173; x_wconf 80' lang='lat'><strong>325.</strong></span> <span class='ocrx_word' id='word_1_386' title='bbox 1020 4121 1121 4175; x_wconf 72' lang='lat' dir='ltr'><strong>Franci.</strong></span> <span class='ocrx_word' id='word_1_387' title='bbox 1145 4122 1215 4177; x_wconf 78' lang='lat' dir='ltr'><strong>tete.</strong></span> 
     </span>
    </p>

    <p class='ocr_par' dir='ltr' id='par_1_9' title="bbox 457 4191 1417 4276">
     <span class='ocr_line' id='line_1_36' title="bbox 457 4191 1417 4276; baseline 0.003 -19"><span class='ocrx_word' id='word_1_388' title='bbox 457 4206 476 4269; x_wconf 82' lang='lat'><strong>⁵)</strong></span> <span class='ocrx_word' id='word_1_389' title='bbox 499 4204 718 4267; x_wconf 82' lang='lat' dir='ltr'><strong>Universnlgescb.</strong></span> <span class='ocrx_word' id='word_1_390' title='bbox 754 4191 889 4257; x_wconf 81' lang='lat' dir='ltr'><strong>Nbersicbt</strong></span> <span class='ocrx_word' id='word_1_391' title='bbox 906 4209 951 4258; x_wconf 90' lang='lat' dir='ltr'><strong>der</strong></span> <span class='ocrx_word' id='word_1_392' title='bbox 970 4207 1061 4262; x_wconf 85' lang='lat' dir='ltr'><strong>Gescb.</strong></span> <span class='ocrx_word' id='word_1_393' title='bbox 1080 4213 1125 4262; x_wconf 87' lang='lat' dir='ltr'><strong>der</strong></span> <span class='ocrx_word' id='word_1_394' title='bbox 1144 4229 1166 4263; x_wconf 83' lang='lat' dir='ltr'><strong>e.</strong></span> <span class='ocrx_word' id='word_1_395' title='bbox 1187 4210 1228 4262; x_wconf 90' lang='lat' dir='ltr'><strong>W.</strong></span> <span class='ocrx_word' id='word_1_396' title='bbox 1266 4209 1283 4275; x_wconf 88' lang='lat' dir='ltr'><strong>l,</strong></span> <span class='ocrx_word' id='word_1_397' title='bbox 1298 4211 1312 4260; x_wconf 80' lang='grc'>2</span> <span class='ocrx_word' id='word_1_398' title='bbox 1325 4227 1349 4276; x_wconf 90' lang='lat' dir='ltr'><strong>p.</strong></span> <span class='ocrx_word' id='word_1_399' title='bbox 1360 4209 1417 4261; x_wconf 86' lang='grc'><strong>261.</strong></span> 
     </span>
    </p>

    <p class='ocr_par' dir='ltr' id='par_1_10' title="bbox 458 4291 1040 4362">
     <span class='ocr_line' id='line_1_37' title="bbox 458 4291 1040 4362; baseline 0.01 -20"><span class='ocrx_word' id='word_1_400' title='bbox 458 4292 478 4350; x_wconf 71' lang='lat' dir='ltr'><strong>ll</strong></span> <span class='ocrx_word' id='word_1_401' title='bbox 496 4291 631 4342; x_wconf 87' lang='lat' dir='ltr'><strong>Lectiones</strong></span> <span class='ocrx_word' id='word_1_402' title='bbox 650 4291 743 4342; x_wconf 74' lang='lat' dir='ltr'><strong>Ardor„</strong></span> <span class='ocrx_word' id='word_1_403' title='bbox 780 4291 849 4359; x_wconf 90' lang='lat' dir='ltr'><strong>Lips.</strong></span> <span class='ocrx_word' id='word_1_404' title='bbox 888 4293 952 4345; x_wconf 84' lang='grc'><strong>1834</strong></span> <span class='ocrx_word' id='word_1_405' title='bbox 966 4313 986 4362; x_wconf 91' lang='lat' dir='ltr'><strong>p.</strong></span> <span class='ocrx_word' id='word_1_406' title='bbox 1001 4296 1040 4348; x_wconf 82' lang='lat'><strong>60.</strong></span> 
     </span>
    </p>

    <p class='ocr_par' dir='ltr' id='par_1_11' title="bbox 457 4376 1491 4450">
     <span class='ocr_line' id='line_1_38' title="bbox 457 4376 1491 4450; baseline 0.004 -22"><span class='ocrx_word' id='word_1_407' title='bbox 457 4378 476 4441; x_wconf 74' lang='lat' dir='ltr'><strong>l)</strong></span> <span class='ocrx_word' id='word_1_408' title='bbox 495 4376 581 4428; x_wconf 80' lang='lat' dir='ltr'><strong>herne</strong></span> <span class='ocrx_word' id='word_1_409' title='bbox 600 4377 631 4428; x_wconf 88' lang='lat' dir='ltr'><strong>de</strong></span> <span class='ocrx_word' id='word_1_410' title='bbox 649 4376 821 4428; x_wconf 89' lang='lat' dir='ltr'><strong>l&#39;instruction</strong></span> <span class='ocrx_word' id='word_1_411' title='bbox 841 4379 959 4446; x_wconf 91' lang='lat' dir='ltr'><strong>puhlique</strong></span> <span class='ocrx_word' id='word_1_412' title='bbox 978 4397 1009 4432; x_wconf 89' lang='lat' dir='ltr'><strong>en</strong></span> <span class='ocrx_word' id='word_1_413' title='bbox 1028 4383 1146 4450; x_wconf 86' lang='lat' dir='ltr'><strong>Belgique</strong></span> <span class='ocrx_word' id='word_1_414' title='bbox 1169 4384 1232 4437; x_wconf 78' lang='grc'><strong>1870</strong></span> <span class='ocrx_word' id='word_1_415' title='bbox 1250 4391 1317 4435; x_wconf 91' lang='lat' dir='ltr'><strong>tome</strong></span> <span class='ocrx_word' id='word_1_416' title='bbox 1335 4381 1392 4449; x_wconf 87' lang='lat' dir='ltr'><strong>llp.</strong></span> <span class='ocrx_word' id='word_1_417' title='bbox 1407 4383 1439 4432; x_wconf 91' lang='grc'><strong>88</strong></span> <span class='ocrx_word' id='word_1_418' title='bbox 1454 4397 1491 4448; x_wconf 89' lang='lat' dir='ltr'><strong>sq.</strong></span> 
     </span>
    </p>

    <p class='ocr_par' dir='ltr' id='par_1_12' title="bbox 325 4462 2021 4624">
     <span class='ocr_line' id='line_1_39' title="bbox 457 4462 2021 4535; baseline 0.002 -20"><span class='ocrx_word' id='word_1_419' title='bbox 457 4464 476 4528; x_wconf 76' lang='grc'><strong>8)</strong></span> <span class='ocrx_word' id='word_1_420' title='bbox 496 4464 596 4530; x_wconf 85' lang='lat' dir='ltr'><strong>Optime</strong></span> <span class='ocrx_word' id='word_1_421' title='bbox 615 4462 758 4530; x_wconf 89' lang='lat' dir='ltr'><strong>Philippios</strong></span> <span class='ocrx_word' id='word_1_422' title='bbox 777 4464 807 4516; x_wconf 88' lang='lat' dir='ltr'><strong>de</strong></span> <span class='ocrx_word' id='word_1_423' title='bbox 833 4467 949 4518; x_wconf 82' lang='lat' dir='ltr'><strong>oratione</strong></span> <span class='ocrx_word' id='word_1_424' title='bbox 974 4469 1101 4522; x_wconf 74' lang='lat' dir='ltr'><strong>indicasse</strong></span> <span class='ocrx_word' id='word_1_425' title='bbox 1125 4471 1185 4522; x_wconf 88' lang='lat' dir='ltr'><strong>mibi</strong></span> <span class='ocrx_word' id='word_1_426' title='bbox 1211 4471 1320 4535; x_wconf 86' lang='lat' dir='ltr'><strong>videtur,</strong></span> <span class='ocrx_word' id='word_1_427' title='bbox 1348 4470 1391 4535; x_wconf 89' lang='lat' dir='ltr'><strong>qni</strong></span> <span class='ocrx_word' id='word_1_428' title='bbox 1418 4469 1606 4520; x_wconf 85' lang='lat' dir='ltr'><strong>conclusionem</strong></span> <span class='ocrx_word' id='word_1_429' title='bbox 1636 4466 1828 4534; x_wconf 74' lang='lat' dir='ltr'><strong>interpolatoris</strong></span> <span class='ocrx_word' id='word_1_430' title='bbox 1856 4481 1930 4518; x_wconf 78' lang='lat' dir='ltr'><strong>menn</strong></span> <span class='ocrx_word' id='word_1_431' title='bbox 1956 4467 2021 4518; x_wconf 73' lang='lat' dir='ltr'><strong>mule</strong></span> 
     </span>
     <span class='ocr_line' id='line_1_40' title="bbox 325 4548 1467 4624; baseline 0.004 -23"><span class='ocrx_word' id='word_1_432' title='bbox 325 4555 469 4616; x_wconf 86' lang='lat' dir='ltr'><strong>corruptam</strong></span> <span class='ocrx_word' id='word_1_433' title='bbox 487 4564 544 4600; x_wconf 89' lang='lat' dir='ltr'><strong>esse</strong></span> <span class='ocrx_word' id='word_1_434' title='bbox 562 4557 642 4617; x_wconf 81' lang='lat' dir='ltr'><strong>putet.</strong></span> <span class='ocrx_word' id='word_1_435' title='bbox 660 4548 693 4600; x_wconf 82' lang='lat' dir='ltr'><strong>el.</strong></span> <span class='ocrx_word' id='word_1_436' title='bbox 713 4551 761 4601; x_wconf 81' lang='lat' dir='ltr'><strong>lter</strong></span> <span class='ocrx_word' id='word_1_437' title='bbox 781 4551 898 4619; x_wconf 79' lang='lat' dir='ltr'><strong>Areopng</strong></span> <span class='ocrx_word' id='word_1_438' title='bbox 916 4555 964 4604; x_wconf 88' lang='lat' dir='ltr'><strong>ond</strong></span> <span class='ocrx_word' id='word_1_439' title='bbox 983 4556 1024 4606; x_wconf 90' lang='lat' dir='ltr'><strong>die</strong></span> <span class='ocrx_word' id='word_1_440' title='bbox 1043 4556 1164 4624; x_wconf 84' lang='lat' dir='ltr'><strong>preten.</strong></span> <span class='ocrx_word' id='word_1_441' title='bbox 1202 4558 1285 4608; x_wconf 86' lang='lat' dir='ltr'><strong>Berlin</strong></span> <span class='ocrx_word' id='word_1_442' title='bbox 1309 4557 1371 4608; x_wconf 81' lang='grc'><strong>1814</strong></span> <span class='ocrx_word' id='word_1_443' title='bbox 1391 4573 1413 4624; x_wconf 88' lang='lat' dir='ltr'><strong>p.</strong></span> <span class='ocrx_word' id='word_1_444' title='bbox 1426 4555 1467 4606; x_wconf 81' lang='grc'><strong>32.</strong></span> 
     </span>
    </p>

    <p class='ocr_par' dir='ltr' id='par_1_13' title="bbox 457 4633 943 4703">
     <span class='ocr_line' id='line_1_41' title="bbox 457 4633 943 4703; baseline 0.01 -18"><span class='ocrx_word' id='word_1_445' title='bbox 457 4633 479 4701; x_wconf 76' lang='lat'><strong>⁹)</strong></span> <span class='ocrx_word' id='word_1_446' title='bbox 498 4635 627 4702; x_wconf 84' lang='lat' dir='ltr'><strong>Petropoli</strong></span> <span class='ocrx_word' id='word_1_447' title='bbox 648 4637 713 4689; x_wconf 85' lang='grc'><strong>1880</strong></span> <span class='ocrx_word' id='word_1_448' title='bbox 732 4635 809 4703; x_wconf 73' lang='lat' dir='ltr'><strong>prael.</strong></span> <span class='ocrx_word' id='word_1_449' title='bbox 829 4639 861 4688; x_wconf 88' lang='grc'><strong>39</strong></span> <span class='ocrx_word' id='word_1_450' title='bbox 881 4641 943 4690; x_wconf 92' lang='lat' dir='ltr'><strong>Adn.</strong></span> 
     </span>
    </p>
   </div>
   <div class='ocr_carea' id='block_1_4' title="bbox 449 4720 2021 4964">
    <p class='ocr_par' dir='ltr' id='par_1_14' title="bbox 449 4720 2021 4964">
     <span class='ocr_line' id='line_1_42' title="bbox 449 4720 1740 4793; baseline 0.002 -22"><span class='ocrx_word' id='word_1_451' title='bbox 449 4721 478 4785; x_wconf 87' lang='lat'><strong>¹⁰)</strong></span> <span class='ocrx_word' id='word_1_452' title='bbox 498 4720 660 4790; x_wconf 78' lang='lat' dir='ltr'><strong>Mnemosyne</strong></span> <span class='ocrx_word' id='word_1_453' title='bbox 679 4722 708 4773; x_wconf 88' lang='lat' dir='ltr'><strong>N.</strong></span> <span class='ocrx_word' id='word_1_454' title='bbox 728 4724 753 4774; x_wconf 88' lang='lat' dir='ltr'><strong>S.</strong></span> <span class='ocrx_word' id='word_1_455' title='bbox 773 4723 819 4789; x_wconf 81' lang='lat' dir='ltr'><strong>lx,</strong></span> <span class='ocrx_word' id='word_1_456' title='bbox 838 4724 900 4788; x_wconf 76' lang='lat'><strong>2003</strong></span> <span class='ocrx_word' id='word_1_457' title='bbox 919 4727 1040 4778; x_wconf 89' lang='lat' dir='ltr'><strong>similiter</strong></span> <span class='ocrx_word' id='word_1_458' title='bbox 1058 4727 1168 4780; x_wconf 89' lang='lat' dir='ltr'><strong>Cobetos</strong></span> <span class='ocrx_word' id='word_1_459' title='bbox 1186 4728 1355 4791; x_wconf 79' lang='lat' dir='ltr'><strong>iudicaverat,</strong></span> <span class='ocrx_word' id='word_1_460' title='bbox 1374 4723 1406 4776; x_wconf 82' lang='lat' dir='ltr'><strong>ei.</strong></span> <span class='ocrx_word' id='word_1_461' title='bbox 1425 4725 1588 4793; x_wconf 74' lang='lat' dir='ltr'><strong>Mnemosyne</strong></span> <span class='ocrx_word' id='word_1_462' title='bbox 1608 4723 1670 4789; x_wconf 87' lang='lat' dir='ltr'><strong>vllt,</strong></span> <span class='ocrx_word' id='word_1_463' title='bbox 1684 4723 1740 4776; x_wconf 80' lang='grc'><strong>218.</strong></span> 
     </span>
     <span class='ocr_line' id='line_1_43' title="bbox 450 4807 877 4874; baseline 0.005 -16"><span class='ocrx_word' id='word_1_464' title='bbox 450 4807 482 4874; x_wconf 80' lang='lat'><strong>1¹)</strong></span> <span class='ocrx_word' id='word_1_465' title='bbox 501 4809 603 4860; x_wconf 84' lang='lat' dir='ltr'><strong>Hermes</strong></span> <span class='ocrx_word' id='word_1_466' title='bbox 620 4808 689 4873; x_wconf 84' lang='lat' dir='ltr'><strong>xvl,</strong></span> <span class='ocrx_word' id='word_1_467' title='bbox 709 4809 754 4862; x_wconf 81' lang='lat'><strong>321</strong></span> <span class='ocrx_word' id='word_1_468' title='bbox 776 4809 839 4861; x_wconf 90' lang='lat' dir='ltr'><strong>Ado.</strong></span> <span class='ocrx_word' id='word_1_469' title='bbox 856 4811 877 4860; x_wconf 96' lang='grc'><strong>1.</strong></span> 
     </span>
     <span class='ocr_line' id='line_1_44' title="bbox 450 4892 2021 4964; baseline 0.001 -19"><span class='ocrx_word' id='word_1_470' title='bbox 450 4893 481 4960; x_wconf 82' lang='lat'><strong>¹²)</strong></span> <span class='ocrx_word' id='word_1_471' title='bbox 499 4894 596 4957; x_wconf 86' lang='lat' dir='ltr'><strong>Lugen,</strong></span> <span class='ocrx_word' id='word_1_472' title='bbox 622 4896 686 4960; x_wconf 92' lang='lat' dir='ltr'><strong>quod</strong></span> <span class='ocrx_word' id='word_1_473' title='bbox 710 4892 812 4946; x_wconf 84' lang='lat' dir='ltr'><strong>iiobmii</strong></span> <span class='ocrx_word' id='word_1_474' title='bbox 838 4897 1030 4950; x_wconf 74' lang='lat' dir='ltr'><strong>dissertationes</strong></span> <span class='ocrx_word' id='word_1_475' title='bbox 1054 4899 1111 4962; x_wconf 82' lang='lat' dir='ltr'><strong>(llio</strong></span> <span class='ocrx_word' id='word_1_476' title='bbox 1132 4899 1235 4963; x_wconf 80' lang='lat' dir='ltr'><strong>lleitrng</strong></span> <span class='ocrx_word' id='word_1_477' title='bbox 1258 4913 1303 4948; x_wconf 86' lang='lat' dir='ltr'><strong>zur</strong></span> <span class='ocrx_word' id='word_1_478' title='bbox 1320 4896 1402 4959; x_wconf 77' lang='lat' dir='ltr'><strong>Frage</strong></span> <span class='ocrx_word' id='word_1_479' title='bbox 1429 4895 1491 4946; x_wconf 90' lang='lat' dir='ltr'><strong>iiber</strong></span> <span class='ocrx_word' id='word_1_480' title='bbox 1510 4897 1552 4948; x_wconf 91' lang='lat' dir='ltr'><strong>die</strong></span> <span class='ocrx_word' id='word_1_481' title='bbox 1570 4897 1691 4949; x_wconf 84' lang='lat' dir='ltr'><strong>Eehtbeit</strong></span> <span class='ocrx_word' id='word_1_482' title='bbox 1715 4898 1761 4950; x_wconf 90' lang='lat' dir='ltr'><strong>der</strong></span> <span class='ocrx_word' id='word_1_483' title='bbox 1785 4897 1949 4964; x_wconf 78' lang='lat' dir='ltr'><strong>&#39;l&#39;etrnlogien</strong></span> <span class='ocrx_word' id='word_1_484' title='bbox 1977 4897 2021 4947; x_wconf 89' lang='lat' dir='ltr'><strong>des</strong></span> 
     </span>
    </p>
   </div>
   <div class='ocr_carea' id='block_1_5' title="bbox 326 4978 2023 5133">
    <p class='ocr_par' dir='ltr' id='par_1_15' title="bbox 326 4978 2023 5133">
     <span class='ocr_line' id='line_1_45' title="bbox 326 4978 2023 5052; baseline 0.001 -22"><span class='ocrx_word' id='word_1_485' title='bbox 326 4978 441 5030; x_wconf 85' lang='lat' dir='ltr'><strong>lledners</strong></span> <span class='ocrx_word' id='word_1_486' title='bbox 464 4980 603 5047; x_wconf 88' lang='lat' dir='ltr'><strong>Antiphon,</strong></span> <span class='ocrx_word' id='word_1_487' title='bbox 631 4980 647 5031; x_wconf 94' lang='lat' dir='ltr'><strong>l.</strong></span> <span class='ocrx_word' id='word_1_488' title='bbox 668 4979 820 5048; x_wconf 83' lang='lat' dir='ltr'><strong>Preg1885,</strong></span> <span class='ocrx_word' id='word_1_489' title='bbox 844 4981 873 5032; x_wconf 92' lang='lat' dir='ltr'><strong>ll.</strong></span> <span class='ocrx_word' id='word_1_490' title='bbox 892 4983 1038 5037; x_wconf 85' lang='lat' dir='ltr'><strong>Hebenelbe</strong></span> <span class='ocrx_word' id='word_1_491' title='bbox 1060 4985 1134 5050; x_wconf 82' lang='grc'><strong>1886)</strong></span> <span class='ocrx_word' id='word_1_492' title='bbox 1160 4991 1287 5051; x_wconf 87' lang='lat' dir='ltr'><strong>postremo</strong></span> <span class='ocrx_word' id='word_1_493' title='bbox 1314 4984 1410 5034; x_wconf 90' lang='lat' dir='ltr'><strong>demum</strong></span> <span class='ocrx_word' id='word_1_494' title='bbox 1437 4987 1551 5048; x_wconf 90' lang='lat' dir='ltr'><strong>tempore</strong></span> <span class='ocrx_word' id='word_1_495' title='bbox 1578 4984 1703 5052; x_wconf 86' lang='lat' dir='ltr'><strong>inspicere</strong></span> <span class='ocrx_word' id='word_1_496' title='bbox 1730 4991 1852 5051; x_wconf 74' lang='lat' dir='ltr'><strong>poteram,</strong></span> <span class='ocrx_word' id='word_1_497' title='bbox 1880 4998 1935 5034; x_wconf 89' lang='lat' dir='ltr'><strong>eum</strong></span> <span class='ocrx_word' id='word_1_498' title='bbox 1960 4983 2023 5033; x_wconf 78' lang='lat' dir='ltr'><strong>baec</strong></span> 
     </span>
     <span class='ocr_line' id='line_1_46' title="bbox 326 5064 756 5133; baseline -0.002 -17"><span class='ocrx_word' id='word_1_499' title='bbox 326 5065 464 5133; x_wconf 84' lang='lat' dir='ltr'><strong>disputatio</strong></span> <span class='ocrx_word' id='word_1_500' title='bbox 482 5066 531 5116; x_wconf 82' lang='lat' dir='ltr'><strong>inm</strong></span> <span class='ocrx_word' id='word_1_501' title='bbox 549 5073 618 5118; x_wconf 86' lang='lat' dir='ltr'><strong>esset</strong></span> <span class='ocrx_word' id='word_1_502' title='bbox 637 5064 756 5132; x_wconf 72' lang='lat' dir='ltr'><strong>perlecta.</strong></span> 
     </span>
    </p>
   </div>
   <div class='ocr_carea' id='block_1_6' title="bbox 0 0 2303 5568">
    <p class='ocr_par' dir='ltr' id='par_1_16' title="bbox 0 0 2303 5568">
     <span class='ocr_line' id='line_1_47' title="bbox 0 0 2303 5568; baseline 0 0"><span class='ocrx_word' id='word_1_503' title='bbox 0 0 2303 5568; x_wconf 95' lang='lat' dir='ltr'><strong> </strong></span> 
     </span>
    </p>
   </div>
  </div>
 </body>
</html>
