<?xml version="1.0" encoding="UTF-8"?>
<!DOCTYPE html PUBLIC "-//W3C//DTD XHTML 1.0 Transitional//EN"
    "http://www.w3.org/TR/xhtml1/DTD/xhtml1-transitional.dtd">
<html xmlns="http://www.w3.org/1999/xhtml" xml:lang="en" lang="en">
 <head>
  <title>
</title>
<meta http-equiv="Content-Type" content="text/html;charset=utf-8" />
  <meta name='ocr-system' content='tesseract 3.04.00' />
  <meta name='ocr-capabilities' content='ocr_page ocr_carea ocr_par ocr_line ocrx_word'/>
</head>
<body>
  <div class='ocr_page' id='page_1' title='image "./deantiphontiste01hausgoog_0011.png"; bbox 0 0 4562 5568; ppageno 0'>
   <div class='ocr_carea' id='block_1_1' title="bbox 0 0 5 2083">
    <p class='ocr_par' dir='ltr' id='par_1_1' title="bbox 0 0 5 2083">
     <span class='ocr_line' id='line_1_1' title="bbox 0 0 5 2083; baseline 0 0"><span class='ocrx_word' id='word_1_1' title='bbox 0 0 5 2083; x_wconf 95' lang='lat' dir='ltr'> </span> 
     </span>
    </p>
   </div>
   <div class='ocr_carea' id='block_1_2' title="bbox 1087 301 1287 368">
    <p class='ocr_par' dir='ltr' id='par_1_2' title="bbox 1087 301 1287 368">
     <span class='ocr_line' id='line_1_2' title="bbox 1087 301 1287 368; baseline -0.01 -16"><span class='ocrx_word' id='word_1_2' title='bbox 1087 301 1287 368; x_wconf 72' lang='grc' dir='ltr'><strong><em>..ς-</em></strong></span> 
     </span>
    </p>
   </div>
   <div class='ocr_carea' id='block_1_3' title="bbox 332 474 2092 4283">
    <p class='ocr_par' dir='ltr' id='par_1_3' title="bbox 334 474 2092 2030">
     <span class='ocr_line' id='line_1_3' title="bbox 339 474 2046 564; baseline 0 -22"><span class='ocrx_word' id='word_1_3' title='bbox 339 474 487 558; x_wconf 84' lang='grc' dir='ltr'><strong><em>ἀγνίζετε</em></strong></span> <span class='ocrx_word' id='word_1_4' title='bbox 511 484 580 559; x_wconf 74' lang='lat' dir='ltr'>(Ay</span> <span class='ocrx_word' id='word_1_5' title='bbox 599 482 662 556; x_wconf 93' lang='grc'>11),</span> <span class='ocrx_word' id='word_1_6' title='bbox 686 499 761 562; x_wconf 89' lang='lat' dir='ltr'>qnae</span> <span class='ocrx_word' id='word_1_7' title='bbox 786 479 872 543; x_wconf 87' lang='lat' dir='ltr'>rerba</span> <span class='ocrx_word' id='word_1_8' title='bbox 896 481 1106 564; x_wconf 79' lang='lat' dir='ltr'>perspicuitate</span> <span class='ocrx_word' id='word_1_9' title='bbox 1128 492 1245 557; x_wconf 90' lang='lat' dir='ltr'>carent;</span> <span class='ocrx_word' id='word_1_10' title='bbox 1268 487 1392 544; x_wconf 83' lang='lat' dir='ltr'>tortasse</span> <span class='ocrx_word' id='word_1_11' title='bbox 1408 479 1601 561; x_wconf 84' lang='lat' dir='ltr'>Harpocratio</span> <span class='ocrx_word' id='word_1_12' title='bbox 1625 480 1782 561; x_wconf 76' lang='lat' dir='ltr'><strong>scripserat</strong></span> <span class='ocrx_word' id='word_1_13' title='bbox 1804 477 1839 544; x_wconf 77' lang='lat' dir='ltr'>dr</span> <span class='ocrx_word' id='word_1_14' title='bbox 1853 477 1883 560; x_wconf 79' lang='grc' dir='ltr'>β’</span> <span class='ocrx_word' id='word_1_15' title='bbox 1899 479 2046 563; x_wconf 78' lang='grc' dir='ltr'><em>φονικῶν</em></span> 
     </span>
     <span class='ocr_line' id='line_1_4' title="bbox 341 589 2045 676; baseline -0.001 -20"><span class='ocrx_word' id='word_1_16' title='bbox 341 594 402 656; x_wconf 87' lang='lat' dir='ltr'>sire</span> <span class='ocrx_word' id='word_1_17' title='bbox 424 591 460 657; x_wconf 80' lang='lat' dir='ltr'>dr</span> <span class='ocrx_word' id='word_1_18' title='bbox 483 591 739 676; x_wconf 82' lang='grc' dir='ltr'><strong><em>δευτερολογιῶν</em></strong></span> <span class='ocrx_word' id='word_1_19' title='bbox 761 593 833 674; x_wconf 60' lang='grc' dir='ltr'>α’λ),</span> <span class='ocrx_word' id='word_1_20' title='bbox 861 605 992 656; x_wconf 90' lang='lat' dir='ltr'>ceterum</span> <span class='ocrx_word' id='word_1_21' title='bbox 1022 595 1116 657; x_wconf 86' lang='lat' dir='ltr'>codex</span> <span class='ocrx_word' id='word_1_22' title='bbox 1150 595 1314 658; x_wconf 85' lang='lat' dir='ltr'>Marcianus</span> <span class='ocrx_word' id='word_1_23' title='bbox 1342 594 1390 675; x_wconf 80' lang='grc'>(1)</span> <span class='ocrx_word' id='word_1_24' title='bbox 1425 594 1523 656; x_wconf 89' lang='lat' dir='ltr'>omisit</span> <span class='ocrx_word' id='word_1_25' title='bbox 1554 592 1641 654; x_wconf 87' lang='lat' dir='ltr'>rerba</span> <span class='ocrx_word' id='word_1_26' title='bbox 1676 590 1711 654; x_wconf 75' lang='grc' dir='ltr'>ἐν</span> <span class='ocrx_word' id='word_1_27' title='bbox 1743 593 1789 676; x_wconf 78' lang='grc' dir='ltr'><strong><em>τῷ</em></strong></span> <span class='ocrx_word' id='word_1_28' title='bbox 1821 589 1859 674; x_wconf 83' lang='grc' dir='ltr'>β’,</span> <span class='ocrx_word' id='word_1_29' title='bbox 1896 605 1927 655; x_wconf 91' lang='lat' dir='ltr'>nt</span> <span class='ocrx_word' id='word_1_30' title='bbox 1960 593 2045 656; x_wconf 87' lang='lat' dir='ltr'>laoile</span> 
     </span>
     <span class='ocr_line' id='line_1_5' title="bbox 341 705 2044 788; baseline -0.001 -19"><span class='ocrx_word' id='word_1_31' title='bbox 341 707 497 769; x_wconf 86' lang='lat' dir='ltr'>coniectari</span> <span class='ocrx_word' id='word_1_32' title='bbox 522 708 616 788; x_wconf 83' lang='lat' dir='ltr'>possit</span> <span class='ocrx_word' id='word_1_33' title='bbox 638 717 689 770; x_wconf 87' lang='lat' dir='ltr'>aot</span> <span class='ocrx_word' id='word_1_34' title='bbox 712 707 953 784; x_wconf 76' lang='lat' dir='ltr'>interpolatorem</span> <span class='ocrx_word' id='word_1_35' title='bbox 978 707 1125 788; x_wconf 89' lang='lat' dir='ltr'>quendam</span> <span class='ocrx_word' id='word_1_36' title='bbox 1150 707 1196 768; x_wconf 90' lang='lat' dir='ltr'>illa</span> <span class='ocrx_word' id='word_1_37' title='bbox 1221 707 1313 768; x_wconf 82' lang='lat' dir='ltr'>textui</span> <span class='ocrx_word' id='word_1_38' title='bbox 1337 707 1499 768; x_wconf 90' lang='lat' dir='ltr'>inseruisse</span> <span class='ocrx_word' id='word_1_39' title='bbox 1522 715 1573 766; x_wconf 90' lang='lat' dir='ltr'>ant</span> <span class='ocrx_word' id='word_1_40' title='bbox 1596 705 1747 766; x_wconf 89' lang='lat' dir='ltr'>librarium</span> <span class='ocrx_word' id='word_1_41' title='bbox 1776 706 1822 767; x_wconf 92' lang='lat' dir='ltr'>illa</span> <span class='ocrx_word' id='word_1_42' title='bbox 1847 724 1906 767; x_wconf 93' lang='lat' dir='ltr'>non</span> <span class='ocrx_word' id='word_1_43' title='bbox 1929 706 2044 768; x_wconf 92' lang='lat' dir='ltr'>intelle-</span> 
     </span>
     <span class='ocr_line' id='line_1_6' title="bbox 338 817 2042 901; baseline -0.001 -19"><span class='ocrx_word' id='word_1_44' title='bbox 338 831 456 901; x_wconf 82' lang='lat' dir='ltr'>gentem</span> <span class='ocrx_word' id='word_1_45' title='bbox 481 821 633 882; x_wconf 81' lang='lat' dir='ltr'>delevisse.</span> <span class='ocrx_word' id='word_1_46' title='bbox 678 825 772 900; x_wconf 88' lang='lat' dir='ltr'>Atque</span> <span class='ocrx_word' id='word_1_47' title='bbox 795 822 882 882; x_wconf 87' lang='lat' dir='ltr'>etiam</span> <span class='ocrx_word' id='word_1_48' title='bbox 913 822 942 882; x_wconf 93' lang='lat' dir='ltr'>in</span> <span class='ocrx_word' id='word_1_49' title='bbox 966 821 1126 882; x_wconf 90' lang='lat' dir='ltr'>Anecdotis</span> <span class='ocrx_word' id='word_1_50' title='bbox 1158 821 1192 892; x_wconf 78' lang='lat' dir='ltr'>tl,</span> <span class='ocrx_word' id='word_1_51' title='bbox 1209 819 1270 882; x_wconf 85' lang='lat'>338</span> <span class='ocrx_word' id='word_1_52' title='bbox 1287 820 1332 880; x_wconf 91' lang='lat' dir='ltr'>ed.</span> <span class='ocrx_word' id='word_1_53' title='bbox 1349 818 1476 891; x_wconf 76' lang='lat' dir='ltr'>Belslrert</span> <span class='ocrx_word' id='word_1_54' title='bbox 1506 819 1552 880; x_wconf 89' lang='lat' dir='ltr'>illa</span> <span class='ocrx_word' id='word_1_55' title='bbox 1581 817 1668 879; x_wconf 88' lang='lat' dir='ltr'>rerba</span> <span class='ocrx_word' id='word_1_56' title='bbox 1700 827 1836 899; x_wconf 89' lang='lat' dir='ltr'>corrupta</span> <span class='ocrx_word' id='word_1_57' title='bbox 1861 827 1941 886; x_wconf 85' lang='lat' dir='ltr'>sunt.</span> <span class='ocrx_word' id='word_1_58' title='bbox 1975 837 2042 881; x_wconf 91' lang='lat' dir='ltr'>nam</span> 
     </span>
     <span class='ocr_line' id='line_1_7' title="bbox 338 925 2042 1014; baseline -0.002 -18"><span class='ocrx_word' id='word_1_59' title='bbox 338 935 452 996; x_wconf 89' lang='lat' dir='ltr'>codices</span> <span class='ocrx_word' id='word_1_60' title='bbox 475 933 616 1014; x_wconf 80' lang='lat' dir='ltr'>praebent</span> <span class='ocrx_word' id='word_1_61' title='bbox 639 933 808 995; x_wconf 89' lang='lat' dir='ltr'>lectionem:</span> <span class='ocrx_word' id='word_1_62' title='bbox 833 928 1004 1011; x_wconf 76' lang='grc' dir='ltr'><em>ἁγνεύεται</em></span> <span class='ocrx_word' id='word_1_63' title='bbox 1026 931 1085 1014; x_wconf 81' lang='grc' dir='ltr'><strong><em>τὴν</em></strong></span> <span class='ocrx_word' id='word_1_64' title='bbox 1108 929 1218 996; x_wconf 86' lang='grc' dir='ltr'><strong><em>πόλιν.</em></strong></span> <span class='ocrx_word' id='word_1_65' title='bbox 1245 927 1407 1011; x_wconf 75' lang='grc' dir='ltr'><strong><em>Ἀντιφῶν</em></strong></span> <span class='ocrx_word' id='word_1_66' title='bbox 1429 926 1501 995; x_wconf 78' lang='grc' dir='ltr'><strong><em>ἀντὶ</em></strong></span> <span class='ocrx_word' id='word_1_67' title='bbox 1523 929 1582 992; x_wconf 81' lang='grc' dir='ltr'><strong><em>τοῦ</em></strong></span> <span class='ocrx_word' id='word_1_68' title='bbox 1604 927 1639 992; x_wconf 76' lang='grc' dir='ltr'>ἐκ</span> <span class='ocrx_word' id='word_1_69' title='bbox 1661 932 1857 1013; x_wconf 74' lang='grc' dir='ltr'><strong><em>κατηγορίας</em></strong></span> <span class='ocrx_word' id='word_1_70' title='bbox 1880 925 2042 1012; x_wconf 71' lang='lat' dir='ltr'>(dinann-</span> 
     </span>
     <span class='ocr_line' id='line_1_8' title="bbox 338 1029 2092 1130; baseline -0.001 -22"><span class='ocrx_word' id='word_1_71' title='bbox 338 1044 444 1130; x_wconf 81' lang='grc' dir='ltr'><strong><em>σημοο</em></strong></span> <span class='ocrx_word' id='word_1_72' title='bbox 466 1041 539 1110; x_wconf 81' lang='grc' dir='ltr'><strong><em>ἀντὶ</em></strong></span> <span class='ocrx_word' id='word_1_73' title='bbox 561 1045 619 1109; x_wconf 81' lang='grc' dir='ltr'><strong><em>τοῦ</em></strong></span> <span class='ocrx_word' id='word_1_74' title='bbox 643 1041 820 1122; x_wconf 84' lang='grc' dir='ltr'><strong><em>ἁγνίζεται.</em></strong></span> <span class='ocrx_word' id='word_1_75' title='bbox 866 1045 923 1106; x_wconf 88' lang='lat' dir='ltr'>Pro</span> <span class='ocrx_word' id='word_1_76' title='bbox 955 1041 1126 1127; x_wconf 78' lang='grc' dir='ltr'><strong><em>ἁγνεύεται</em></strong></span> <span class='ocrx_word' id='word_1_77' title='bbox 1156 1045 1246 1107; x_wconf 85' lang='lat' dir='ltr'>verbo</span> <span class='ocrx_word' id='word_1_78' title='bbox 1273 1045 1399 1107; x_wconf 81' lang='lat' dir='ltr'>formam</span> <span class='ocrx_word' id='word_1_79' title='bbox 1429 1038 1580 1122; x_wconf 83' lang='grc' dir='ltr'><strong><em>ἀγνεύετε</em></strong></span> <span class='ocrx_word' id='word_1_80' title='bbox 1607 1041 1794 1104; x_wconf 78' lang='lat' dir='ltr'>scribendam</span> <span class='ocrx_word' id='word_1_81' title='bbox 1823 1061 1886 1105; x_wconf 83' lang='lat' dir='ltr'>esse</span> <span class='ocrx_word' id='word_1_82' title='bbox 1914 1044 2042 1124; x_wconf 86' lang='lat' dir='ltr'>adparet,</span> <span class='ocrx_word' id='word_1_83' title='bbox 2090 1029 2092 1034; x_wconf 38' lang='lat'><strong>¹</strong></span> 
     </span>
     <span class='ocr_line' id='line_1_9' title="bbox 337 1150 2042 1240; baseline -0.001 -19"><span class='ocrx_word' id='word_1_84' title='bbox 337 1161 469 1240; x_wconf 87' lang='lat' dir='ltr'>itemque</span> <span class='ocrx_word' id='word_1_85' title='bbox 490 1177 545 1240; x_wconf 90' lang='lat' dir='ltr'>pro</span> <span class='ocrx_word' id='word_1_86' title='bbox 568 1153 734 1236; x_wconf 84' lang='grc' dir='ltr'><strong><em>ἀγνίζεται</em></strong></span> <span class='ocrx_word' id='word_1_87' title='bbox 757 1153 918 1235; x_wconf 80' lang='grc' dir='ltr'>ἁγνίζετε,Ι</span> <span class='ocrx_word' id='word_1_88' title='bbox 942 1179 998 1222; x_wconf 91' lang='lat' dir='ltr'>nec</span> <span class='ocrx_word' id='word_1_89' title='bbox 1020 1157 1105 1220; x_wconf 88' lang='lat' dir='ltr'>aliter</span> <span class='ocrx_word' id='word_1_90' title='bbox 1133 1157 1255 1220; x_wconf 88' lang='lat' dir='ltr'>delenda</span> <span class='ocrx_word' id='word_1_91' title='bbox 1279 1167 1348 1220; x_wconf 91' lang='lat' dir='ltr'>sunt</span> <span class='ocrx_word' id='word_1_92' title='bbox 1371 1156 1457 1220; x_wconf 87' lang='lat' dir='ltr'>rerba</span> <span class='ocrx_word' id='word_1_93' title='bbox 1487 1151 1561 1218; x_wconf 81' lang='grc' dir='ltr'><strong><em>ἀντί</em></strong></span> <span class='ocrx_word' id='word_1_94' title='bbox 1589 1156 1649 1218; x_wconf 83' lang='grc' dir='ltr'><strong><em>τοῦ</em></strong></span> <span class='ocrx_word' id='word_1_95' title='bbox 1677 1166 1744 1236; x_wconf 91' lang='lat' dir='ltr'>post</span> <span class='ocrx_word' id='word_1_96' title='bbox 1761 1150 1933 1239; x_wconf 76' lang='grc' dir='ltr'><strong><em>Ἀντιφῶν,</em></strong></span> <span class='ocrx_word' id='word_1_97' title='bbox 1967 1175 2042 1237; x_wconf 91' lang='lat' dir='ltr'>quae</span> 
     </span>
     <span class='ocr_line' id='line_1_10' title="bbox 337 1263 2041 1350; baseline -0.003 -16"><span class='ocrx_word' id='word_1_98' title='bbox 337 1273 404 1334; x_wconf 90' lang='lat' dir='ltr'>sine</span> <span class='ocrx_word' id='word_1_99' title='bbox 426 1271 518 1335; x_wconf 94' lang='lat' dir='ltr'>dubio</span> <span class='ocrx_word' id='word_1_100' title='bbox 541 1273 694 1334; x_wconf 91' lang='lat' dir='ltr'>oculorum</span> <span class='ocrx_word' id='word_1_101' title='bbox 718 1289 817 1334; x_wconf 91' lang='lat' dir='ltr'>errore</span> <span class='ocrx_word' id='word_1_102' title='bbox 840 1281 907 1335; x_wconf 85' lang='lat' dir='ltr'>nata</span> <span class='ocrx_word' id='word_1_103' title='bbox 931 1282 1011 1342; x_wconf 86' lang='lat' dir='ltr'>sunt,</span> <span class='ocrx_word' id='word_1_104' title='bbox 1035 1281 1064 1334; x_wconf 92' lang='lat' dir='ltr'>et</span> <span class='ocrx_word' id='word_1_105' title='bbox 1085 1271 1278 1334; x_wconf 82' lang='lat' dir='ltr'>inserendum</span> <span class='ocrx_word' id='word_1_106' title='bbox 1302 1280 1347 1332; x_wconf 89' lang='lat' dir='ltr'>est</span> <span class='ocrx_word' id='word_1_107' title='bbox 1369 1271 1493 1332; x_wconf 79' lang='lat' dir='ltr'>tortasse</span> <span class='ocrx_word' id='word_1_108' title='bbox 1515 1263 2041 1350; x_wconf 77' lang='grc' dir='ltr'>11111111ο111εκατηγορίαςο1)ἀ)-</span> 
     </span>
     <span class='ocr_line' id='line_1_11' title="bbox 339 1375 2042 1468; baseline -0.001 -22"><span class='ocrx_word' id='word_1_109' title='bbox 339 1380 539 1468; x_wconf 79' lang='grc' dir='ltr'><strong><em>παρασήμοο</em></strong></span> <span class='ocrx_word' id='word_1_110' title='bbox 561 1385 735 1447; x_wconf 86' lang='lat' dir='ltr'>vocabulum</span> <span class='ocrx_word' id='word_1_111' title='bbox 760 1379 875 1468; x_wconf 86' lang='grc' dir='ltr'><strong><em>φόνον,</em></strong></span> <span class='ocrx_word' id='word_1_112' title='bbox 892 1394 925 1446; x_wconf 85' lang='grc' dir='ltr'>ιιι</span> <span class='ocrx_word' id='word_1_113' title='bbox 940 1384 1064 1446; x_wconf 90' lang='lat' dir='ltr'>omnino</span> <span class='ocrx_word' id='word_1_114' title='bbox 1078 1384 1165 1447; x_wconf 88' lang='lat' dir='ltr'>lectio</span> <span class='ocrx_word' id='word_1_115' title='bbox 1180 1385 1245 1447; x_wconf 87' lang='lat' dir='ltr'>liat:</span> <span class='ocrx_word' id='word_1_116' title='bbox 1257 1378 1420 1466; x_wconf 75' lang='grc' dir='ltr'><strong><em>Ἀντιφῶν</em></strong></span> <span class='ocrx_word' id='word_1_117' title='bbox 1435 1380 1470 1443; x_wconf 77' lang='grc' dir='ltr'>ἐκ</span> <span class='ocrx_word' id='word_1_118' title='bbox 1486 1383 1682 1463; x_wconf 78' lang='grc' dir='ltr'><strong><em>κατηγορίας</em></strong></span> <span class='ocrx_word' id='word_1_119' title='bbox 1697 1377 1801 1464; x_wconf 83' lang='grc' dir='ltr'><strong><em>φόνου</em></strong></span> <span class='ocrx_word' id='word_1_120' title='bbox 1817 1375 2042 1464; x_wconf 79' lang='grc' dir='ltr'><strong><em>ἀπαρασήμοο</em></strong></span> 
     </span>
     <span class='ocr_line' id='line_1_12' title="bbox 336 1491 2040 1579; baseline -0.002 -21"><span class='ocrx_word' id='word_1_121' title='bbox 336 1492 409 1560; x_wconf 77' lang='grc' dir='ltr'><strong><em>ἀντὶ</em></strong></span> <span class='ocrx_word' id='word_1_122' title='bbox 433 1495 491 1560; x_wconf 79' lang='grc' dir='ltr'><strong><em>τοῦ</em></strong></span> <span class='ocrx_word' id='word_1_123' title='bbox 514 1491 671 1575; x_wconf 83' lang='grc' dir='ltr'><strong><em>ἀγνίζετε.</em></strong></span> <span class='ocrx_word' id='word_1_124' title='bbox 717 1497 820 1579; x_wconf 87' lang='lat' dir='ltr'>Neque</span> <span class='ocrx_word' id='word_1_125' title='bbox 842 1516 911 1560; x_wconf 88' lang='lat' dir='ltr'>rero</span> <span class='ocrx_word' id='word_1_126' title='bbox 933 1496 1215 1578; x_wconf 87' lang='lat' dir='ltr'>praetermittendus</span> <span class='ocrx_word' id='word_1_127' title='bbox 1237 1505 1283 1558; x_wconf 88' lang='lat' dir='ltr'>est</span> <span class='ocrx_word' id='word_1_128' title='bbox 1305 1495 1455 1558; x_wconf 88' lang='lat' dir='ltr'>Ammonii</span> <span class='ocrx_word' id='word_1_129' title='bbox 1478 1496 1570 1566; x_wconf 87' lang='lat' dir='ltr'>locus,</span> <span class='ocrx_word' id='word_1_130' title='bbox 1595 1495 1646 1575; x_wconf 93' lang='lat' dir='ltr'>qui</span> <span class='ocrx_word' id='word_1_131' title='bbox 1668 1494 1698 1555; x_wconf 91' lang='lat' dir='ltr'>in</span> <span class='ocrx_word' id='word_1_132' title='bbox 1714 1492 1812 1556; x_wconf 88' lang='lat' dir='ltr'>libello</span> <span class='ocrx_word' id='word_1_133' title='bbox 1829 1495 1866 1556; x_wconf 88' lang='lat' dir='ltr'>dc</span> <span class='ocrx_word' id='word_1_134' title='bbox 1882 1493 2040 1556; x_wconf 88' lang='lat' dir='ltr'>verborum</span> 
     </span>
     <span class='ocr_line' id='line_1_13' title="bbox 336 1599 2040 1692; baseline 0.001 -22"><span class='ocrx_word' id='word_1_135' title='bbox 336 1609 500 1672; x_wconf 88' lang='lat' dir='ltr'>dilierentia</span> <span class='ocrx_word' id='word_1_136' title='bbox 523 1611 689 1692; x_wconf 88' lang='lat' dir='ltr'>composito</span> <span class='ocrx_word' id='word_1_137' title='bbox 713 1609 831 1690; x_wconf 87' lang='lat' dir='ltr'>inspicit</span> <span class='ocrx_word' id='word_1_138' title='bbox 846 1601 1039 1691; x_wconf 75' lang='grc' dir='ltr'><strong><em>ἐνθύμημα·</em></strong></span> <span class='ocrx_word' id='word_1_139' title='bbox 1062 1605 1080 1671; x_wconf 90' lang='grc' dir='ltr'>ὁ</span> <span class='ocrx_word' id='word_1_140' title='bbox 1103 1608 1182 1690; x_wconf 87' lang='grc' dir='ltr'><strong><em>γοῦν</em></strong></span> <span class='ocrx_word' id='word_1_141' title='bbox 1199 1603 1365 1690; x_wconf 87' lang='grc' dir='ltr'><strong><em>Ἀντιφῶν</em></strong></span> <span class='ocrx_word' id='word_1_142' title='bbox 1387 1605 1422 1672; x_wconf 76' lang='grc' dir='ltr'>ἐν</span> <span class='ocrx_word' id='word_1_143' title='bbox 1444 1617 1513 1680; x_wconf 76' lang='grc' dir='ltr'><strong><em>τοῖς</em></strong></span> <span class='ocrx_word' id='word_1_144' title='bbox 1537 1615 1690 1688; x_wconf 81' lang='grc' dir='ltr'><strong><em>φονικοίς</em></strong></span> <span class='ocrx_word' id='word_1_145' title='bbox 1712 1621 1806 1690; x_wconf 88' lang='grc' dir='ltr'><strong><em>φησι,</em></strong></span> <span class='ocrx_word' id='word_1_146' title='bbox 1824 1605 1967 1680; x_wconf 72' lang='grc' dir='ltr'><strong><em>τεθνεώς</em></strong></span> <span class='ocrx_word' id='word_1_147' title='bbox 1984 1599 2040 1671; x_wconf 83' lang='grc' dir='ltr'>οὗ-</span> 
     </span>
     <span class='ocr_line' id='line_1_14' title="bbox 334 1715 2042 1805; baseline -0.001 -22"><span class='ocrx_word' id='word_1_148' title='bbox 334 1743 390 1795; x_wconf 90' lang='grc' dir='ltr'><strong><em>τος</em></strong></span> <span class='ocrx_word' id='word_1_149' title='bbox 413 1717 493 1805; x_wconf 78' lang='grc' dir='ltr'><strong><em>ὑμίν</em></strong></span> <span class='ocrx_word' id='word_1_150' title='bbox 523 1717 685 1804; x_wconf 71' lang='grc' dir='ltr'><strong><em>ἐνθύμιος</em></strong></span> <span class='ocrx_word' id='word_1_151' title='bbox 707 1719 890 1805; x_wconf 77' lang='grc' dir='ltr'><strong><em>λγτνήσεται</em></strong></span> <span class='ocrx_word' id='word_1_152' title='bbox 922 1722 996 1802; x_wconf 77' lang='lat' dir='ltr'>(Ay</span> <span class='ocrx_word' id='word_1_153' title='bbox 1015 1721 1074 1798; x_wconf 87' lang='grc'>10).</span> <span class='ocrx_word' id='word_1_154' title='bbox 1120 1720 1230 1782; x_wconf 91' lang='lat' dir='ltr'>Eodem</span> <span class='ocrx_word' id='word_1_155' title='bbox 1265 1731 1377 1800; x_wconf 88' lang='lat' dir='ltr'>spectat</span> <span class='ocrx_word' id='word_1_156' title='bbox 1411 1720 1528 1794; x_wconf 79' lang='lat' dir='ltr'>suidas,</span> <span class='ocrx_word' id='word_1_157' title='bbox 1561 1721 1598 1780; x_wconf 86' lang='lat' dir='ltr'>cl.</span> <span class='ocrx_word' id='word_1_158' title='bbox 1633 1737 1658 1779; x_wconf 88' lang='lat' dir='ltr'>v.</span> <span class='ocrx_word' id='word_1_159' title='bbox 1693 1715 1906 1801; x_wconf 76' lang='grc' dir='ltr'><strong><em>καταλαβεῖν·</em></strong></span> <span class='ocrx_word' id='word_1_160' title='bbox 1941 1717 1973 1782; x_wconf 77' lang='grc' dir='ltr'>οἳ</span> <span class='ocrx_word' id='word_1_161' title='bbox 2004 1719 2042 1782; x_wconf 76' lang='lat' dir='ltr'>dd</span> 
     </span>
     <span class='ocr_line' id='line_1_15' title="bbox 336 1827 2040 1918; baseline -0.003 -22"><span class='ocrx_word' id='word_1_162' title='bbox 336 1829 466 1918; x_wconf 78' lang='grc' dir='ltr'><strong><em>ῥήτορες</em></strong></span> <span class='ocrx_word' id='word_1_163' title='bbox 488 1835 544 1896; x_wconf 77' lang='grc' dir='ltr'>καὶ</span> <span class='ocrx_word' id='word_1_164' title='bbox 567 1831 625 1896; x_wconf 78' lang='grc' dir='ltr'>ἐπὶ</span> <span class='ocrx_word' id='word_1_165' title='bbox 652 1835 711 1896; x_wconf 83' lang='grc' dir='ltr'><strong><em>τοῦ</em></strong></span> <span class='ocrx_word' id='word_1_166' title='bbox 739 1830 904 1906; x_wconf 78' lang='grc' dir='ltr'><strong><em>κολάζειν·</em></strong></span> <span class='ocrx_word' id='word_1_167' title='bbox 923 1829 1100 1916; x_wconf 70' lang='grc' dir='ltr'><strong><em>Ἀντιφῶν</em></strong></span> <span class='ocrx_word' id='word_1_168' title='bbox 1129 1831 1173 1916; x_wconf 84' lang='grc' dir='ltr'>μη</span> <span class='ocrx_word' id='word_1_169' title='bbox 1201 1829 1353 1895; x_wconf 86' lang='grc' dir='ltr'><strong><em>ἀναίτιον</em></strong></span> <span class='ocrx_word' id='word_1_170' title='bbox 1380 1827 1622 1912; x_wconf 78' lang='grc' dir='ltr'><strong><em>καταλαβόντες</em></strong></span> <span class='ocrx_word' id='word_1_171' title='bbox 1650 1830 1706 1894; x_wconf 84' lang='grc' dir='ltr'><strong><em>τὸν</em></strong></span> <span class='ocrx_word' id='word_1_172' title='bbox 1737 1833 1848 1894; x_wconf 82' lang='grc' dir='ltr'><strong><em>αἴτιον</em></strong></span> <span class='ocrx_word' id='word_1_173' title='bbox 1876 1830 1890 1912; x_wconf 83' lang='grc'>(</span> <span class='ocrx_word' id='word_1_174' title='bbox 1896 1830 1953 1895; x_wconf 82' lang='grc' dir='ltr'><strong><em>Αά</em></strong></span> <span class='ocrx_word' id='word_1_175' title='bbox 1972 1835 2020 1909; x_wconf 94' lang='grc'>11)</span> <span class='ocrx_word' id='word_1_176' title='bbox 2029 1859 2040 1910; x_wconf 82' lang='grc'>,·</span> 
     </span>
     <span class='ocr_line' id='line_1_16' title="bbox 336 1941 2040 2030; baseline -0.001 -22"><span class='ocrx_word' id='word_1_177' title='bbox 336 1967 361 2008; x_wconf 87' lang='grc'>1.</span> <span class='ocrx_word' id='word_1_178' title='bbox 385 1941 510 2030; x_wconf 80' lang='grc' dir='ltr'><strong><em>ἀνήκει·</em></strong></span> <span class='ocrx_word' id='word_1_179' title='bbox 530 1942 694 2030; x_wconf 90' lang='grc' dir='ltr'><strong><em>Ἀντιφῶν</em></strong></span> <span class='ocrx_word' id='word_1_180' title='bbox 715 1942 789 2009; x_wconf 84' lang='grc' dir='ltr'><strong><em>ἀντὶ</em></strong></span> <span class='ocrx_word' id='word_1_181' title='bbox 812 1949 870 2009; x_wconf 84' lang='grc' dir='ltr'><strong><em>τοῦ</em></strong></span> <span class='ocrx_word' id='word_1_182' title='bbox 892 1943 1072 2029; x_wconf 78' lang='grc' dir='ltr'><strong><em>καθήκει’)</em></strong></span> <span class='ocrx_word' id='word_1_183' title='bbox 1098 1945 1166 2025; x_wconf 91' lang='grc' dir='ltr'>(Βγ</span> <span class='ocrx_word' id='word_1_184' title='bbox 1183 1948 1228 2026; x_wconf 83' lang='grc'>7).</span> <span class='ocrx_word' id='word_1_185' title='bbox 1274 1945 1333 2006; x_wconf 91' lang='lat' dir='ltr'>lam</span> <span class='ocrx_word' id='word_1_186' title='bbox 1358 1945 1559 2007; x_wconf 88' lang='lat' dir='ltr'>concludenda</span> <span class='ocrx_word' id='word_1_187' title='bbox 1582 1944 1669 2006; x_wconf 92' lang='lat' dir='ltr'>nobis</span> <span class='ocrx_word' id='word_1_188' title='bbox 1693 1954 1736 2006; x_wconf 89' lang='lat' dir='ltr'>est</span> <span class='ocrx_word' id='word_1_189' title='bbox 1758 1945 1915 2007; x_wconf 86' lang='lat' dir='ltr'>verborum</span> <span class='ocrx_word' id='word_1_190' title='bbox 1941 1947 2040 2008; x_wconf 88' lang='lat' dir='ltr'>series.</span> 
     </span>
    </p>

    <p class='ocr_par' dir='ltr' id='par_1_4' title="bbox 332 2057 2040 4283">
     <span class='ocr_line' id='line_1_17' title="bbox 477 2057 2040 2141; baseline -0.001 -20"><span class='ocrx_word' id='word_1_191' title='bbox 477 2060 560 2124; x_wconf 88' lang='lat' dir='ltr'>lnter</span> <span class='ocrx_word' id='word_1_192' title='bbox 583 2079 634 2122; x_wconf 90' lang='lat' dir='ltr'>eos</span> <span class='ocrx_word' id='word_1_193' title='bbox 658 2061 732 2122; x_wconf 89' lang='lat' dir='ltr'>riros</span> <span class='ocrx_word' id='word_1_194' title='bbox 757 2059 807 2141; x_wconf 88' lang='lat' dir='ltr'>qni</span> <span class='ocrx_word' id='word_1_195' title='bbox 832 2059 905 2120; x_wconf 90' lang='lat' dir='ltr'>haee</span> <span class='ocrx_word' id='word_1_196' title='bbox 929 2060 1065 2120; x_wconf 87' lang='lat' dir='ltr'>voeabula</span> <span class='ocrx_word' id='word_1_197' title='bbox 1084 2059 1203 2118; x_wconf 83' lang='lat' dir='ltr'>maximi</span> <span class='ocrx_word' id='word_1_198' title='bbox 1219 2059 1360 2139; x_wconf 89' lang='lat' dir='ltr'>ponderis</span> <span class='ocrx_word' id='word_1_199' title='bbox 1378 2077 1442 2120; x_wconf 90' lang='lat' dir='ltr'>esse</span> <span class='ocrx_word' id='word_1_200' title='bbox 1459 2059 1703 2120; x_wconf 86' lang='lat' dir='ltr'>existimaverunt</span> <span class='ocrx_word' id='word_1_201' title='bbox 1719 2066 1748 2119; x_wconf 88' lang='lat' dir='ltr'>et</span> <span class='ocrx_word' id='word_1_202' title='bbox 1764 2057 1832 2120; x_wconf 91' lang='lat' dir='ltr'>inde</span> <span class='ocrx_word' id='word_1_203' title='bbox 1847 2059 1936 2120; x_wconf 79' lang='lat' dir='ltr'>stetin</span> <span class='ocrx_word' id='word_1_204' title='bbox 1953 2078 2040 2138; x_wconf 86' lang='lat' dir='ltr'>posse</span> 
     </span>
     <span class='ocr_line' id='line_1_18' title="bbox 335 2170 2038 2254; baseline -0.001 -20"><span class='ocrx_word' id='word_1_205' title='bbox 335 2173 502 2254; x_wconf 82' lang='lat' dir='ltr'>tetralogias</span> <span class='ocrx_word' id='word_1_206' title='bbox 525 2173 701 2253; x_wconf 73' lang='lat' dir='ltr'>Antiphonti</span> <span class='ocrx_word' id='word_1_207' title='bbox 729 2171 913 2234; x_wconf 86' lang='lat' dir='ltr'>Rhamnusio</span> <span class='ocrx_word' id='word_1_208' title='bbox 943 2170 1113 2232; x_wconf 90' lang='lat' dir='ltr'>tribuendas</span> <span class='ocrx_word' id='word_1_209' title='bbox 1140 2189 1204 2231; x_wconf 91' lang='lat' dir='ltr'>esse</span> <span class='ocrx_word' id='word_1_210' title='bbox 1233 2172 1345 2250; x_wconf 91' lang='lat' dir='ltr'>opinati</span> <span class='ocrx_word' id='word_1_211' title='bbox 1378 2183 1448 2233; x_wconf 90' lang='lat' dir='ltr'>sunt</span> <span class='ocrx_word' id='word_1_212' title='bbox 1470 2171 1657 2233; x_wconf 87' lang='lat' dir='ltr'>hlaetznerus</span> <span class='ocrx_word' id='word_1_213' title='bbox 1687 2189 1747 2232; x_wconf 91' lang='lat' dir='ltr'>non</span> <span class='ocrx_word' id='word_1_214' title='bbox 1777 2170 1914 2232; x_wconf 90' lang='lat' dir='ltr'>ultimum</span> <span class='ocrx_word' id='word_1_215' title='bbox 1943 2172 2038 2233; x_wconf 90' lang='lat' dir='ltr'>locum</span> 
     </span>
     <span class='ocr_line' id='line_1_19' title="bbox 335 2267 2040 2364; baseline -0.001 -17"><span class='ocrx_word' id='word_1_216' title='bbox 335 2287 461 2349; x_wconf 89' lang='lat' dir='ltr'>obtinet.</span> <span class='ocrx_word' id='word_1_217' title='bbox 515 2292 553 2347; x_wconf 89' lang='lat' dir='ltr'>At</span> <span class='ocrx_word' id='word_1_218' title='bbox 579 2286 743 2348; x_wconf 90' lang='lat' dir='ltr'>rectissime</span> <span class='ocrx_word' id='word_1_219' title='bbox 770 2267 1031 2362; x_wconf 74' lang='lat' dir='ltr'>Schoemannns⁸l</span> <span class='ocrx_word' id='word_1_220' title='bbox 1059 2284 1114 2346; x_wconf 91' lang='lat' dir='ltr'>illis</span> <span class='ocrx_word' id='word_1_221' title='bbox 1142 2283 1354 2364; x_wconf 82' lang='lat' dir='ltr'>lexicographis</span> <span class='ocrx_word' id='word_1_222' title='bbox 1389 2284 1539 2345; x_wconf 86' lang='lat' dir='ltr'>minimam</span> <span class='ocrx_word' id='word_1_223' title='bbox 1574 2284 1662 2344; x_wconf 82' lang='lat' dir='ltr'>iidem</span> <span class='ocrx_word' id='word_1_224' title='bbox 1694 2293 1725 2344; x_wconf 92' lang='lat' dir='ltr'>et</span> <span class='ocrx_word' id='word_1_225' title='bbox 1752 2285 1958 2346; x_wconf 87' lang='lat' dir='ltr'>auctoritatem</span> <span class='ocrx_word' id='word_1_226' title='bbox 1986 2285 2040 2346; x_wconf 89' lang='lat' dir='ltr'>ad-</span> 
     </span>
     <span class='ocr_line' id='line_1_20' title="bbox 335 2397 2038 2478; baseline -0.002 -17"><span class='ocrx_word' id='word_1_227' title='bbox 335 2399 494 2461; x_wconf 90' lang='lat' dir='ltr'>hibendam</span> <span class='ocrx_word' id='word_1_228' title='bbox 525 2417 590 2460; x_wconf 89' lang='lat' dir='ltr'>esse</span> <span class='ocrx_word' id='word_1_229' title='bbox 617 2399 683 2460; x_wconf 87' lang='lat' dir='ltr'>ideo</span> <span class='ocrx_word' id='word_1_230' title='bbox 713 2399 842 2470; x_wconf 80' lang='lat' dir='ltr'>caconit,</span> <span class='ocrx_word' id='word_1_231' title='bbox 872 2399 952 2478; x_wconf 91' lang='lat' dir='ltr'>quod</span> <span class='ocrx_word' id='word_1_232' title='bbox 980 2415 1123 2476; x_wconf 83' lang='lat' dir='ltr'>persaepe</span> <span class='ocrx_word' id='word_1_233' title='bbox 1151 2405 1244 2458; x_wconf 89' lang='lat' dir='ltr'>artem</span> <span class='ocrx_word' id='word_1_234' title='bbox 1273 2397 1402 2458; x_wconf 87' lang='lat' dir='ltr'>criticam</span> <span class='ocrx_word' id='word_1_235' title='bbox 1433 2398 1625 2476; x_wconf 81' lang='lat' dir='ltr'>neglexerunt</span> <span class='ocrx_word' id='word_1_236' title='bbox 1648 2415 1746 2476; x_wconf 88' lang='lat' dir='ltr'>neque</span> <span class='ocrx_word' id='word_1_237' title='bbox 1769 2415 1901 2477; x_wconf 89' lang='lat' dir='ltr'>unquam</span> <span class='ocrx_word' id='word_1_238' title='bbox 1926 2398 1988 2458; x_wconf 88' lang='lat' dir='ltr'>lere</span> <span class='ocrx_word' id='word_1_239' title='bbox 2011 2398 2038 2458; x_wconf 94' lang='lat' dir='ltr'>id</span> 
     </span>
     <span class='ocr_line' id='line_1_21' title="bbox 334 2509 2037 2592; baseline -0.001 -18"><span class='ocrx_word' id='word_1_240' title='bbox 334 2513 492 2592; x_wconf 89' lang='lat' dir='ltr'>scriptum,</span> <span class='ocrx_word' id='word_1_241' title='bbox 523 2531 558 2572; x_wconf 83' lang='lat' dir='ltr'>ax</span> <span class='ocrx_word' id='word_1_242' title='bbox 588 2530 647 2592; x_wconf 91' lang='lat' dir='ltr'>quo</span> <span class='ocrx_word' id='word_1_243' title='bbox 674 2510 761 2574; x_wconf 86' lang='lat' dir='ltr'>verba</span> <span class='ocrx_word' id='word_1_244' title='bbox 791 2512 1027 2590; x_wconf 86' lang='lat' dir='ltr'>exscripserunt,</span> <span class='ocrx_word' id='word_1_245' title='bbox 1057 2521 1157 2571; x_wconf 91' lang='lat' dir='ltr'>utrum</span> <span class='ocrx_word' id='word_1_246' title='bbox 1186 2509 1350 2588; x_wconf 86' lang='lat' dir='ltr'>genuinum</span> <span class='ocrx_word' id='word_1_247' title='bbox 1380 2529 1418 2572; x_wconf 89' lang='lat' dir='ltr'>an</span> <span class='ocrx_word' id='word_1_248' title='bbox 1440 2512 1587 2590; x_wconf 82' lang='lat' dir='ltr'>spurium,</span> <span class='ocrx_word' id='word_1_249' title='bbox 1616 2511 1783 2571; x_wconf 88' lang='lat' dir='ltr'>accuratius</span> <span class='ocrx_word' id='word_1_250' title='bbox 1806 2511 2037 2589; x_wconf 87' lang='lat' dir='ltr'>exquisivernnt.</span> 
     </span>
     <span class='ocr_line' id='line_1_22' title="bbox 334 2622 2036 2705; baseline -0.001 -20"><span class='ocrx_word' id='word_1_251' title='bbox 334 2626 430 2705; x_wconf 89' lang='lat' dir='ltr'>Atque</span> <span class='ocrx_word' id='word_1_252' title='bbox 453 2643 486 2686; x_wconf 92' lang='lat' dir='ltr'>re</span> <span class='ocrx_word' id='word_1_253' title='bbox 508 2643 574 2686; x_wconf 90' lang='lat' dir='ltr'>vera</span> <span class='ocrx_word' id='word_1_254' title='bbox 598 2643 665 2686; x_wconf 90' lang='lat' dir='ltr'>cum</span> <span class='ocrx_word' id='word_1_255' title='bbox 689 2625 717 2685; x_wconf 93' lang='lat' dir='ltr'>in</span> <span class='ocrx_word' id='word_1_256' title='bbox 741 2624 804 2686; x_wconf 91' lang='lat' dir='ltr'>aliis</span> <span class='ocrx_word' id='word_1_257' title='bbox 828 2624 931 2687; x_wconf 90' lang='lat' dir='ltr'>multis</span> <span class='ocrx_word' id='word_1_258' title='bbox 954 2622 1123 2686; x_wconf 88' lang='lat' dir='ltr'>oratoribus</span> <span class='ocrx_word' id='word_1_259' title='bbox 1146 2623 1415 2686; x_wconf 86' lang='lat' dir='ltr'>commemorandis</span> <span class='ocrx_word' id='word_1_260' title='bbox 1440 2634 1502 2684; x_wconf 88' lang='lat' dir='ltr'>tum</span> <span class='ocrx_word' id='word_1_261' title='bbox 1526 2624 1555 2684; x_wconf 94' lang='lat' dir='ltr'>in</span> <span class='ocrx_word' id='word_1_262' title='bbox 1571 2622 1754 2702; x_wconf 86' lang='lat' dir='ltr'>Antiphonte</span> <span class='ocrx_word' id='word_1_263' title='bbox 1777 2623 1923 2684; x_wconf 90' lang='lat' dir='ltr'>laudando</span> <span class='ocrx_word' id='word_1_264' title='bbox 1940 2643 2036 2704; x_wconf 82' lang='lat' dir='ltr'>gram·</span> 
     </span>
     <span class='ocr_line' id='line_1_23' title="bbox 336 2734 2037 2816; baseline 0.001 -17"><span class='ocrx_word' id='word_1_265' title='bbox 336 2737 434 2799; x_wconf 84' lang='lat' dir='ltr'>matini</span> <span class='ocrx_word' id='word_1_266' title='bbox 458 2738 489 2798; x_wconf 95' lang='lat' dir='ltr'>in</span> <span class='ocrx_word' id='word_1_267' title='bbox 514 2737 656 2798; x_wconf 88' lang='lat' dir='ltr'>maximos</span> <span class='ocrx_word' id='word_1_268' title='bbox 680 2756 797 2799; x_wconf 89' lang='lat' dir='ltr'>errores</span> <span class='ocrx_word' id='word_1_269' title='bbox 827 2737 1004 2799; x_wconf 88' lang='lat' dir='ltr'>inciderunt.</span> <span class='ocrx_word' id='word_1_270' title='bbox 1051 2734 1090 2798; x_wconf 91' lang='lat' dir='ltr'>Ut</span> <span class='ocrx_word' id='word_1_271' title='bbox 1112 2735 1199 2813; x_wconf 85' lang='lat' dir='ltr'>igitur</span> <span class='ocrx_word' id='word_1_272' title='bbox 1222 2737 1389 2816; x_wconf 86' lang='lat' dir='ltr'>exemplum</span> <span class='ocrx_word' id='word_1_273' title='bbox 1415 2755 1507 2798; x_wconf 91' lang='lat' dir='ltr'>unum</span> <span class='ocrx_word' id='word_1_274' title='bbox 1532 2737 1675 2806; x_wconf 83' lang='lat' dir='ltr'>adieram,</span> <span class='ocrx_word' id='word_1_275' title='bbox 1700 2735 1891 2816; x_wconf 86' lang='lat' dir='ltr'>Harpocratio</span> <span class='ocrx_word' id='word_1_276' title='bbox 1915 2737 2037 2800; x_wconf 81' lang='lat' dir='ltr'>verbum</span> 
     </span>
     <span class='ocr_line' id='line_1_24' title="bbox 333 2843 2036 2932; baseline 0 -22"><span class='ocrx_word' id='word_1_277' title='bbox 333 2843 636 2932; x_wconf 58' lang='grc' dir='ltr'><strong><em>ἀναποδιζόμεναί)</em></strong></span> <span class='ocrx_word' id='word_1_278' title='bbox 660 2850 873 2930; x_wconf 87' lang='lat' dir='ltr'>Antiphontem</span> <span class='ocrx_word' id='word_1_279' title='bbox 894 2849 1112 2910; x_wconf 85' lang='lat' dir='ltr'>Rhamnusium</span> <span class='ocrx_word' id='word_1_280' title='bbox 1135 2847 1304 2909; x_wconf 90' lang='lat' dir='ltr'>adhibuisse</span> <span class='ocrx_word' id='word_1_281' title='bbox 1330 2849 1420 2911; x_wconf 87' lang='lat' dir='ltr'>tradit</span> <span class='ocrx_word' id='word_1_282' title='bbox 1441 2849 1472 2910; x_wconf 95' lang='lat' dir='ltr'>iu</span> <span class='ocrx_word' id='word_1_283' title='bbox 1496 2847 1603 2920; x_wconf 83' lang='lat' dir='ltr'>libello,</span> <span class='ocrx_word' id='word_1_284' title='bbox 1627 2847 1677 2928; x_wconf 93' lang='lat' dir='ltr'>qui</span> <span class='ocrx_word' id='word_1_285' title='bbox 1701 2847 1778 2928; x_wconf 81' lang='lat' dir='ltr'>napi</span> <span class='ocrx_word' id='word_1_286' title='bbox 1801 2843 1968 2930; x_wconf 77' lang='grc' dir='ltr'><strong><em>ἀληθείας</em></strong></span> <span class='ocrx_word' id='word_1_287' title='bbox 1988 2851 2036 2911; x_wconf 87' lang='grc'>111-</span> 
     </span>
     <span class='ocr_line' id='line_1_25' title="bbox 333 2955 2034 3043; baseline -0.002 -21"><span class='ocrx_word' id='word_1_288' title='bbox 333 2961 486 3035; x_wconf 87' lang='lat' dir='ltr'>scribitur,</span> <span class='ocrx_word' id='word_1_289' title='bbox 515 2962 617 3023; x_wconf 84' lang='lat' dir='ltr'>Pollux</span> <span class='ocrx_word' id='word_1_290' title='bbox 647 2973 747 3024; x_wconf 90' lang='lat' dir='ltr'>autern</span> <span class='ocrx_word' id='word_1_291' title='bbox 777 2962 898 3042; x_wconf 82' lang='lat' dir='ltr'>(Onom.</span> <span class='ocrx_word' id='word_1_292' title='bbox 915 2961 949 3034; x_wconf 94' lang='grc'>11,</span> <span class='ocrx_word' id='word_1_293' title='bbox 966 2961 1021 3040; x_wconf 89' lang='grc'>61)</span> <span class='ocrx_word' id='word_1_294' title='bbox 1044 2959 1184 3022; x_wconf 88' lang='lat' dir='ltr'>vocabula</span> <span class='ocrx_word' id='word_1_295' title='bbox 1209 2955 1365 3043; x_wconf 80' lang='grc' dir='ltr'><strong><em>ἀνάπηρα</em></strong></span> <span class='ocrx_word' id='word_1_296' title='bbox 1393 2972 1422 3022; x_wconf 90' lang='lat' dir='ltr'>et</span> <span class='ocrx_word' id='word_1_297' title='bbox 1454 2960 1572 3038; x_wconf 77' lang='lat' dir='ltr'>(Ouum.</span> <span class='ocrx_word' id='word_1_298' title='bbox 1590 2961 1634 3028; x_wconf 82' lang='lat' dir='ltr'>vl.</span> <span class='ocrx_word' id='word_1_299' title='bbox 1654 2959 1727 3040; x_wconf 87' lang='grc'>143)</span> <span class='ocrx_word' id='word_1_300' title='bbox 1756 2955 1976 3040; x_wconf 79' lang='grc' dir='ltr'><strong><em>ἀπαρασκεύῳ</em></strong></span> <span class='ocrx_word' id='word_1_301' title='bbox 2004 2959 2034 3019; x_wconf 93' lang='lat' dir='ltr'>in</span> 
     </span>
     <span class='ocr_line' id='line_1_26' title="bbox 333 3073 2033 3156; baseline -0.001 -22"><span class='ocrx_word' id='word_1_302' title='bbox 333 3073 438 3134; x_wconf 90' lang='lat' dir='ltr'>eodem</span> <span class='ocrx_word' id='word_1_303' title='bbox 473 3075 615 3154; x_wconf 91' lang='lat' dir='ltr'>opusculo</span> <span class='ocrx_word' id='word_1_304' title='bbox 650 3075 830 3156; x_wconf 86' lang='lat' dir='ltr'>deprehendi</span> <span class='ocrx_word' id='word_1_305' title='bbox 859 3083 967 3136; x_wconf 91' lang='lat' dir='ltr'>narrat.</span> <span class='ocrx_word' id='word_1_306' title='bbox 1018 3075 1090 3137; x_wconf 85' lang='lat' dir='ltr'>Cum</span> <span class='ocrx_word' id='word_1_307' title='bbox 1120 3093 1190 3136; x_wconf 86' lang='lat' dir='ltr'>rero</span> <span class='ocrx_word' id='word_1_308' title='bbox 1219 3075 1449 3152; x_wconf 78' lang='lat' dir='ltr'>llermogenes⁵t</span> <span class='ocrx_word' id='word_1_309' title='bbox 1479 3074 1559 3135; x_wconf 92' lang='lat' dir='ltr'>illnm</span> <span class='ocrx_word' id='word_1_310' title='bbox 1588 3073 1696 3135; x_wconf 91' lang='lat' dir='ltr'>librum</span> <span class='ocrx_word' id='word_1_311' title='bbox 1725 3073 1761 3134; x_wconf 89' lang='lat' dir='ltr'>ab</span> <span class='ocrx_word' id='word_1_312' title='bbox 1788 3074 1880 3134; x_wconf 89' lang='lat' dir='ltr'>altero</span> <span class='ocrx_word' id='word_1_313' title='bbox 1907 3073 2033 3152; x_wconf 87' lang='lat' dir='ltr'>quodam</span> 
     </span>
     <span class='ocr_line' id='line_1_27' title="bbox 333 3179 2037 3270; baseline -0.001 -22"><span class='ocrx_word' id='word_1_314' title='bbox 333 3187 515 3267; x_wconf 89' lang='lat' dir='ltr'>Antiphonte</span> <span class='ocrx_word' id='word_1_315' title='bbox 538 3188 736 3270; x_wconf 87' lang='lat' dir='ltr'>compositum</span> <span class='ocrx_word' id='word_1_316' title='bbox 760 3206 903 3250; x_wconf 88' lang='lat' dir='ltr'>essenos</span> <span class='ocrx_word' id='word_1_317' title='bbox 926 3187 1068 3249; x_wconf 90' lang='lat' dir='ltr'>certiores</span> <span class='ocrx_word' id='word_1_318' title='bbox 1091 3187 1204 3259; x_wconf 87' lang='lat' dir='ltr'>lecerit,</span> <span class='ocrx_word' id='word_1_319' title='bbox 1227 3186 1273 3249; x_wconf 92' lang='lat' dir='ltr'>oui</span> <span class='ocrx_word' id='word_1_320' title='bbox 1297 3204 1463 3266; x_wconf 85' lang='lat' dir='ltr'>cognomen</span> <span class='ocrx_word' id='word_1_321' title='bbox 1486 3179 1729 3268; x_wconf 84' lang='grc' dir='ltr'><strong><em>τερατοσκόπος</em></strong></span> <span class='ocrx_word' id='word_1_322' title='bbox 1753 3187 1795 3245; x_wconf 87' lang='lat' dir='ltr'>rel</span> <span class='ocrx_word' id='word_1_323' title='bbox 1817 3181 2037 3267; x_wconf 80' lang='grc' dir='ltr'><strong><em>ὀνειροκρίτης</em></strong></span> 
     </span>
     <span class='ocr_line' id='line_1_28' title="bbox 332 3297 2035 3381; baseline -0.002 -20"><span class='ocrx_word' id='word_1_324' title='bbox 332 3299 460 3361; x_wconf 90' lang='lat' dir='ltr'>inditum</span> <span class='ocrx_word' id='word_1_325' title='bbox 484 3311 563 3368; x_wconf 88' lang='lat' dir='ltr'>erat,</span> <span class='ocrx_word' id='word_1_326' title='bbox 584 3299 667 3361; x_wconf 80' lang='lat' dir='ltr'>facile</span> <span class='ocrx_word' id='word_1_327' title='bbox 690 3309 734 3362; x_wconf 87' lang='lat' dir='ltr'>est</span> <span class='ocrx_word' id='word_1_328' title='bbox 756 3300 921 3374; x_wconf 87' lang='lat' dir='ltr'>intellecto,</span> <span class='ocrx_word' id='word_1_329' title='bbox 945 3318 1033 3380; x_wconf 90' lang='lat' dir='ltr'>quam</span> <span class='ocrx_word' id='word_1_330' title='bbox 1058 3299 1205 3361; x_wconf 90' lang='lat' dir='ltr'>contraria</span> <span class='ocrx_word' id='word_1_331' title='bbox 1228 3309 1258 3362; x_wconf 91' lang='lat' dir='ltr'>et</span> <span class='ocrx_word' id='word_1_332' title='bbox 1280 3318 1384 3381; x_wconf 91' lang='lat' dir='ltr'>parum</span> <span class='ocrx_word' id='word_1_333' title='bbox 1408 3299 1487 3359; x_wconf 91' lang='lat' dir='ltr'>inter</span> <span class='ocrx_word' id='word_1_334' title='bbox 1509 3318 1542 3358; x_wconf 91' lang='lat' dir='ltr'>se</span> <span class='ocrx_word' id='word_1_335' title='bbox 1565 3297 1750 3359; x_wconf 86' lang='lat' dir='ltr'>concinentia</span> <span class='ocrx_word' id='word_1_336' title='bbox 1774 3299 1847 3360; x_wconf 89' lang='lat' dir='ltr'>haec</span> <span class='ocrx_word' id='word_1_337' title='bbox 1869 3297 2035 3359; x_wconf 89' lang='lat' dir='ltr'>testimonia</span> 
     </span>
     <span class='ocr_line' id='line_1_29' title="bbox 332 3409 2038 3493; baseline -0.003 -20"><span class='ocrx_word' id='word_1_338' title='bbox 332 3412 406 3484; x_wconf 89' lang='lat' dir='ltr'>sint,</span> <span class='ocrx_word' id='word_1_339' title='bbox 434 3431 613 3492; x_wconf 87' lang='lat' dir='ltr'>quemqnam</span> <span class='ocrx_word' id='word_1_340' title='bbox 637 3413 828 3493; x_wconf 88' lang='lat' dir='ltr'>Harpocratio</span> <span class='ocrx_word' id='word_1_341' title='bbox 856 3431 924 3474; x_wconf 89' lang='lat' dir='ltr'>cnm</span> <span class='ocrx_word' id='word_1_342' title='bbox 953 3414 1114 3474; x_wconf 88' lang='lat' dir='ltr'>multarum</span> <span class='ocrx_word' id='word_1_343' title='bbox 1137 3413 1327 3493; x_wconf 74' lang='lat' dir='ltr'>Antiphontis</span> <span class='ocrx_word' id='word_1_344' title='bbox 1351 3413 1518 3474; x_wconf 91' lang='lat' dir='ltr'>orationum</span> <span class='ocrx_word' id='word_1_345' title='bbox 1543 3411 1663 3472; x_wconf 91' lang='lat' dir='ltr'>nomina</span> <span class='ocrx_word' id='word_1_346' title='bbox 1687 3411 1826 3490; x_wconf 84' lang='lat' dir='ltr'>tetigerit,</span> <span class='ocrx_word' id='word_1_347' title='bbox 1854 3428 1929 3490; x_wconf 89' lang='lat' dir='ltr'>quae</span> <span class='ocrx_word' id='word_1_348' title='bbox 1953 3409 2038 3470; x_wconf 89' lang='lat' dir='ltr'>aliter</span> 
     </span>
     <span class='ocr_line' id='line_1_30' title="bbox 332 3522 2033 3605; baseline -0.002 -21"><span class='ocrx_word' id='word_1_349' title='bbox 332 3525 512 3605; x_wconf 89' lang='lat' dir='ltr'>sempiterna</span> <span class='ocrx_word' id='word_1_350' title='bbox 536 3524 680 3586; x_wconf 91' lang='lat' dir='ltr'>oblivione</span> <span class='ocrx_word' id='word_1_351' title='bbox 704 3537 804 3588; x_wconf 90' lang='lat' dir='ltr'>essent</span> <span class='ocrx_word' id='word_1_352' title='bbox 826 3525 929 3598; x_wconf 88' lang='lat' dir='ltr'>deleta,</span> <span class='ocrx_word' id='word_1_353' title='bbox 952 3525 1014 3586; x_wconf 90' lang='lat' dir='ltr'>illas</span> <span class='ocrx_word' id='word_1_354' title='bbox 1036 3525 1099 3604; x_wconf 90' lang='lat' dir='ltr'>ipse</span> <span class='ocrx_word' id='word_1_355' title='bbox 1122 3525 1252 3605; x_wconf 88' lang='lat' dir='ltr'>penitius</span> <span class='ocrx_word' id='word_1_356' title='bbox 1275 3525 1460 3605; x_wconf 83' lang='lat' dir='ltr'>perspexisse</span> <span class='ocrx_word' id='word_1_357' title='bbox 1483 3523 1637 3602; x_wconf 63' lang='lat' dir='ltr'>vitatum).</span> <span class='ocrx_word' id='word_1_358' title='bbox 1677 3525 1785 3585; x_wconf 89' lang='lat' dir='ltr'>Contra</span> <span class='ocrx_word' id='word_1_359' title='bbox 1802 3523 1906 3584; x_wconf 80' lang='lat' dir='ltr'>l&#39;ollux</span> <span class='ocrx_word' id='word_1_360' title='bbox 1921 3522 2033 3600; x_wconf 80' lang='lat' dir='ltr'>singula</span> 
     </span>
     <span class='ocr_line' id='line_1_31' title="bbox 332 3633 2037 3719; baseline -0.002 -21"><span class='ocrx_word' id='word_1_361' title='bbox 332 3637 525 3719; x_wconf 75' lang='lat' dir='ltr'>Antiphontis</span> <span class='ocrx_word' id='word_1_362' title='bbox 548 3637 656 3717; x_wconf 89' lang='lat' dir='ltr'>scripta</span> <span class='ocrx_word' id='word_1_363' title='bbox 679 3637 725 3698; x_wconf 86' lang='lat' dir='ltr'>via</span> <span class='ocrx_word' id='word_1_364' title='bbox 750 3637 873 3717; x_wconf 82' lang='lat' dir='ltr'>perlegit</span> <span class='ocrx_word' id='word_1_365' title='bbox 895 3647 946 3698; x_wconf 92' lang='lat' dir='ltr'>ant</span> <span class='ocrx_word' id='word_1_366' title='bbox 968 3638 1092 3698; x_wconf 94' lang='lat' dir='ltr'>omnino</span> <span class='ocrx_word' id='word_1_367' title='bbox 1115 3638 1267 3714; x_wconf 82' lang='lat' dir='ltr'>cognovit,</span> <span class='ocrx_word' id='word_1_368' title='bbox 1296 3637 1348 3698; x_wconf 91' lang='lat' dir='ltr'>sed</span> <span class='ocrx_word' id='word_1_369' title='bbox 1379 3655 1414 3698; x_wconf 84' lang='lat' dir='ltr'>er</span> <span class='ocrx_word' id='word_1_370' title='bbox 1438 3636 1596 3706; x_wconf 88' lang='lat' dir='ltr'>memoria,</span> <span class='ocrx_word' id='word_1_371' title='bbox 1625 3645 1657 3696; x_wconf 92' lang='lat' dir='ltr'>nt</span> <span class='ocrx_word' id='word_1_372' title='bbox 1679 3635 1720 3696; x_wconf 93' lang='lat' dir='ltr'>illi</span> <span class='ocrx_word' id='word_1_373' title='bbox 1743 3635 1772 3696; x_wconf 93' lang='lat' dir='ltr'>in</span> <span class='ocrx_word' id='word_1_374' title='bbox 1798 3647 1926 3697; x_wconf 88' lang='lat' dir='ltr'>mentem</span> <span class='ocrx_word' id='word_1_375' title='bbox 1951 3633 2037 3705; x_wconf 85' lang='lat' dir='ltr'>venit,</span> 
     </span>
     <span class='ocr_line' id='line_1_32' title="bbox 333 3747 2037 3830; baseline -0.001 -20"><span class='ocrx_word' id='word_1_376' title='bbox 333 3749 397 3810; x_wconf 90' lang='lat' dir='ltr'>sine</span> <span class='ocrx_word' id='word_1_377' title='bbox 424 3749 606 3811; x_wconf 86' lang='lat' dir='ltr'>dubitatione</span> <span class='ocrx_word' id='word_1_378' title='bbox 633 3751 831 3824; x_wconf 79' lang='lat' dir='ltr'>enumerarit3</span> <span class='ocrx_word' id='word_1_379' title='bbox 860 3767 956 3830; x_wconf 90' lang='lat' dir='ltr'>neqne</span> <span class='ocrx_word' id='word_1_380' title='bbox 986 3750 1066 3812; x_wconf 88' lang='lat' dir='ltr'>enim</span> <span class='ocrx_word' id='word_1_381' title='bbox 1096 3751 1181 3813; x_wconf 89' lang='lat' dir='ltr'>aliam</span> <span class='ocrx_word' id='word_1_382' title='bbox 1212 3751 1377 3812; x_wconf 89' lang='lat' dir='ltr'>orationem</span> <span class='ocrx_word' id='word_1_383' title='bbox 1405 3749 1581 3812; x_wconf 90' lang='lat' dir='ltr'>nominatim</span> <span class='ocrx_word' id='word_1_384' title='bbox 1605 3748 1700 3810; x_wconf 81' lang='lat' dir='ltr'>adfert</span> <span class='ocrx_word' id='word_1_385' title='bbox 1724 3747 1780 3809; x_wconf 91' lang='lat' dir='ltr'>nisi</span> <span class='ocrx_word' id='word_1_386' title='bbox 1811 3748 1957 3820; x_wconf 91' lang='lat' dir='ltr'>libellum,</span> <span class='ocrx_word' id='word_1_387' title='bbox 1988 3747 2037 3827; x_wconf 91' lang='lat' dir='ltr'>qni</span> 
     </span>
     <span class='ocr_line' id='line_1_33' title="bbox 333 3855 2037 3943; baseline -0.002 -20"><span class='ocrx_word' id='word_1_388' title='bbox 333 3859 410 3942; x_wconf 82' lang='grc' dir='ltr'><strong><em>περὶ</em></strong></span> <span class='ocrx_word' id='word_1_389' title='bbox 433 3855 595 3943; x_wconf 74' lang='grc' dir='ltr'><strong><em>ἀληθείας</em></strong></span> <span class='ocrx_word' id='word_1_390' title='bbox 617 3869 747 3923; x_wconf 81' lang='lat' dir='ltr'>vocatur.</span> <span class='ocrx_word' id='word_1_391' title='bbox 787 3862 827 3922; x_wconf 92' lang='lat' dir='ltr'>Ac</span> <span class='ocrx_word' id='word_1_392' title='bbox 849 3862 983 3941; x_wconf 87' lang='lat' dir='ltr'>prolecto</span> <span class='ocrx_word' id='word_1_393' title='bbox 1008 3863 1128 3942; x_wconf 88' lang='lat' dir='ltr'>quidem</span> <span class='ocrx_word' id='word_1_394' title='bbox 1149 3863 1207 3925; x_wconf 92' lang='lat' dir='ltr'>iarn</span> <span class='ocrx_word' id='word_1_395' title='bbox 1230 3863 1287 3925; x_wconf 92' lang='lat' dir='ltr'>illis</span> <span class='ocrx_word' id='word_1_396' title='bbox 1310 3864 1378 3924; x_wconf 86' lang='lat' dir='ltr'>viris</span> <span class='ocrx_word' id='word_1_397' title='bbox 1401 3862 1520 3923; x_wconf 88' lang='lat' dir='ltr'>difficile</span> <span class='ocrx_word' id='word_1_398' title='bbox 1543 3869 1607 3923; x_wconf 88' lang='lat' dir='ltr'>erat</span> <span class='ocrx_word' id='word_1_399' title='bbox 1630 3859 1805 3933; x_wconf 83' lang='lat' dir='ltr'>diiudicata,</span> <span class='ocrx_word' id='word_1_400' title='bbox 1829 3880 1905 3941; x_wconf 87' lang='lat' dir='ltr'>quae</span> <span class='ocrx_word' id='word_1_401' title='bbox 1928 3861 2037 3942; x_wconf 87' lang='lat' dir='ltr'>scripta</span> 
     </span>
     <span class='ocr_line' id='line_1_34' title="bbox 335 3972 2037 4056; baseline -0.002 -20"><span class='ocrx_word' id='word_1_402' title='bbox 335 3973 509 4054; x_wconf 76' lang='lat' dir='ltr'>Antiphonti</span> <span class='ocrx_word' id='word_1_403' title='bbox 537 3972 720 4035; x_wconf 86' lang='lat' dir='ltr'>Rhamnusio</span> <span class='ocrx_word' id='word_1_404' title='bbox 747 3974 907 4036; x_wconf 90' lang='lat' dir='ltr'>addicenda</span> <span class='ocrx_word' id='word_1_405' title='bbox 936 3985 1049 4048; x_wconf 79' lang='lat' dir='ltr'>essent3</span> <span class='ocrx_word' id='word_1_406' title='bbox 1084 3993 1151 4035; x_wconf 92' lang='lat' dir='ltr'>uam</span> <span class='ocrx_word' id='word_1_407' title='bbox 1180 3975 1370 4056; x_wconf 75' lang='lat' dir='ltr'>Antiphontis</span> <span class='ocrx_word' id='word_1_408' title='bbox 1404 3991 1514 4036; x_wconf 90' lang='lat' dir='ltr'>nomen</span> <span class='ocrx_word' id='word_1_409' title='bbox 1543 3975 1621 4053; x_wconf 90' lang='lat' dir='ltr'>apud</span> <span class='ocrx_word' id='word_1_410' title='bbox 1650 3973 1845 4036; x_wconf 78' lang='lat' dir='ltr'>Athenienses</span> <span class='ocrx_word' id='word_1_411' title='bbox 1874 3993 1934 4035; x_wconf 94' lang='lat' dir='ltr'>non</span> <span class='ocrx_word' id='word_1_412' title='bbox 1963 3973 2037 4034; x_wconf 88' lang='lat' dir='ltr'>adeo</span> 
     </span>
     <span class='ocr_line' id='line_1_35' title="bbox 335 4085 2037 4168; baseline -0.002 -19"><span class='ocrx_word' id='word_1_413' title='bbox 335 4106 435 4150; x_wconf 91' lang='lat' dir='ltr'>rarum</span> <span class='ocrx_word' id='word_1_414' title='bbox 463 4087 555 4150; x_wconf 85' lang='lat' dir='ltr'>inisse</span> <span class='ocrx_word' id='word_1_415' title='bbox 582 4095 711 4159; x_wconf 90' lang='lat' dir='ltr'>constat,</span> <span class='ocrx_word' id='word_1_416' title='bbox 743 4107 809 4149; x_wconf 91' lang='lat' dir='ltr'>cum</span> <span class='ocrx_word' id='word_1_417' title='bbox 841 4089 928 4150; x_wconf 89' lang='lat' dir='ltr'>etiam</span> <span class='ocrx_word' id='word_1_418' title='bbox 957 4089 986 4149; x_wconf 93' lang='lat' dir='ltr'>in</span> <span class='ocrx_word' id='word_1_419' title='bbox 1018 4088 1110 4151; x_wconf 92' lang='lat' dir='ltr'>titulis</span> <span class='ocrx_word' id='word_1_420' title='bbox 1133 4089 1236 4150; x_wconf 88' lang='lat' dir='ltr'>Atticis</span> <span class='ocrx_word' id='word_1_421' title='bbox 1265 4088 1342 4150; x_wconf 92' lang='lat' dir='ltr'>illius</span> <span class='ocrx_word' id='word_1_422' title='bbox 1370 4098 1401 4151; x_wconf 89' lang='lat' dir='ltr'>et</span> <span class='ocrx_word' id='word_1_423' title='bbox 1430 4087 1517 4168; x_wconf 86' lang='lat' dir='ltr'>paulo</span> <span class='ocrx_word' id='word_1_424' title='bbox 1545 4085 1693 4147; x_wconf 78' lang='lat' dir='ltr'>interioris</span> <span class='ocrx_word' id='word_1_425' title='bbox 1722 4087 1827 4149; x_wconf 88' lang='lat' dir='ltr'>aetatis</span> <span class='ocrx_word' id='word_1_426' title='bbox 1849 4087 1971 4166; x_wconf 56' lang='lat' dir='ltr'>saepius,</span> <span class='ocrx_word' id='word_1_427' title='bbox 1990 4087 2037 4146; x_wconf 95' lang='lat' dir='ltr'>in·</span> 
     </span>
     <span class='ocr_line' id='line_1_36' title="bbox 337 4197 2039 4283; baseline 0.001 -24"><span class='ocrx_word' id='word_1_428' title='bbox 337 4199 514 4278; x_wconf 64' lang='lat' dir='ltr'>ventatur-t).</span> <span class='ocrx_word' id='word_1_429' title='bbox 552 4199 771 4281; x_wconf 89' lang='lat' dir='ltr'>Saepenumero</span> <span class='ocrx_word' id='word_1_430' title='bbox 796 4201 1018 4281; x_wconf 76' lang='lat' dir='ltr'>lexicograpbos</span> <span class='ocrx_word' id='word_1_431' title='bbox 1042 4203 1226 4264; x_wconf 90' lang='lat' dir='ltr'>coniecturas</span> <span class='ocrx_word' id='word_1_432' title='bbox 1249 4202 1408 4283; x_wconf 90' lang='lat' dir='ltr'>protulisse</span> <span class='ocrx_word' id='word_1_433' title='bbox 1430 4198 1621 4262; x_wconf 79' lang='lat' dir='ltr'>manifestum</span> <span class='ocrx_word' id='word_1_434' title='bbox 1645 4209 1691 4263; x_wconf 89' lang='lat' dir='ltr'>est</span> <span class='ocrx_word' id='word_1_435' title='bbox 1712 4219 1748 4260; x_wconf 84' lang='lat' dir='ltr'>ex</span> <span class='ocrx_word' id='word_1_436' title='bbox 1770 4197 1883 4260; x_wconf 87' lang='lat' dir='ltr'>Caecilii</span> <span class='ocrx_word' id='word_1_437' title='bbox 1898 4197 2039 4260; x_wconf 87' lang='lat' dir='ltr'>Calactini</span> 
     </span>
    </p>
   </div>
   <div class='ocr_carea' id='block_1_4' title="bbox 333 4395 545 4405">
    <p class='ocr_par' dir='ltr' id='par_1_5' title="bbox 333 4395 545 4405">
     <span class='ocr_line' id='line_1_37' title="bbox 333 4395 545 4405; baseline -0.009 -2"><span class='ocrx_word' id='word_1_438' title='bbox 333 4395 545 4405; x_wconf 51' lang='lat' dir='ltr'>-n--n-—ae--ffl</span> 
     </span>
    </p>
   </div>
   <div class='ocr_carea' id='block_1_5' title="bbox 338 4513 2037 5100">
    <p class='ocr_par' dir='ltr' id='par_1_6' title="bbox 469 4513 1082 4581">
     <span class='ocr_line' id='line_1_38' title="bbox 469 4513 1082 4581; baseline -0.002 -14"><span class='ocrx_word' id='word_1_439' title='bbox 469 4515 490 4580; x_wconf 89' lang='lat'>¹)</span> <span class='ocrx_word' id='word_1_440' title='bbox 508 4516 592 4580; x_wconf 72' lang='lat' dir='ltr'>binas,</span> <span class='ocrx_word' id='word_1_441' title='bbox 608 4513 654 4566; x_wconf 83' lang='lat' dir='ltr'>nte</span> <span class='ocrx_word' id='word_1_442' title='bbox 672 4521 720 4566; x_wconf 87' lang='lat' dir='ltr'>att.</span> <span class='ocrx_word' id='word_1_443' title='bbox 739 4515 901 4566; x_wconf 80' lang='lat' dir='ltr'>berodsamh.</span> <span class='ocrx_word' id='word_1_444' title='bbox 938 4513 967 4577; x_wconf 83' lang='lat'>1¹,</span> <span class='ocrx_word' id='word_1_445' title='bbox 987 4531 1010 4581; x_wconf 92' lang='lat' dir='ltr'>p.</span> <span class='ocrx_word' id='word_1_446' title='bbox 1026 4515 1082 4566; x_wconf 82' lang='lat'>151.</span> 
     </span>
    </p>

    <p class='ocr_par' dir='ltr' id='par_1_7' title="bbox 468 4599 1018 4667">
     <span class='ocr_line' id='line_1_39' title="bbox 468 4599 1018 4667; baseline -0.002 -16"><span class='ocrx_word' id='word_1_447' title='bbox 468 4601 492 4667; x_wconf 87' lang='lat'>¹)</span> <span class='ocrx_word' id='word_1_448' title='bbox 511 4599 543 4652; x_wconf 84' lang='lat' dir='ltr'>el.</span> <span class='ocrx_word' id='word_1_449' title='bbox 560 4601 682 4653; x_wconf 84' lang='lat' dir='ltr'>Anoodot.</span> <span class='ocrx_word' id='word_1_450' title='bbox 704 4601 742 4652; x_wconf 85' lang='lat' dir='ltr'>ed.</span> <span class='ocrx_word' id='word_1_451' title='bbox 761 4600 861 4653; x_wconf 80' lang='lat' dir='ltr'>bekker</span> <span class='ocrx_word' id='word_1_452' title='bbox 879 4599 899 4665; x_wconf 86' lang='lat' dir='ltr'>l,</span> <span class='ocrx_word' id='word_1_453' title='bbox 917 4601 976 4664; x_wconf 79' lang='grc'>1113,</span> <span class='ocrx_word' id='word_1_454' title='bbox 995 4601 1018 4651; x_wconf 78' lang='lat'>5.</span> 
     </span>
    </p>

    <p class='ocr_par' dir='ltr' id='par_1_8' title="bbox 467 4685 1069 4752">
     <span class='ocr_line' id='line_1_40' title="bbox 467 4685 1069 4752; baseline -0.003 -12"><span class='ocrx_word' id='word_1_455' title='bbox 467 4687 489 4751; x_wconf 70' lang='grc'>3)</span> <span class='ocrx_word' id='word_1_456' title='bbox 507 4687 593 4740; x_wconf 84' lang='lat' dir='ltr'>Jahrb.</span> <span class='ocrx_word' id='word_1_457' title='bbox 612 4686 654 4738; x_wconf 79' lang='lat' dir='ltr'>sair</span> <span class='ocrx_word' id='word_1_458' title='bbox 672 4688 742 4738; x_wconf 79' lang='lat' dir='ltr'>rrius.</span> <span class='ocrx_word' id='word_1_459' title='bbox 761 4685 850 4738; x_wconf 78' lang='lat' dir='ltr'>liritik</span> <span class='ocrx_word' id='word_1_460' title='bbox 871 4687 943 4748; x_wconf 81' lang='lat' dir='ltr'>less,</span> <span class='ocrx_word' id='word_1_461' title='bbox 963 4685 993 4752; x_wconf 88' lang='lat' dir='ltr'>ll,</span> <span class='ocrx_word' id='word_1_462' title='bbox 1010 4687 1069 4739; x_wconf 76' lang='lat'>482.</span> 
     </span>
    </p>

    <p class='ocr_par' dir='ltr' id='par_1_9' title="bbox 469 4767 1825 4840">
     <span class='ocr_line' id='line_1_41' title="bbox 469 4767 1825 4840; baseline -0.005 -15"><span class='ocrx_word' id='word_1_463' title='bbox 469 4776 491 4840; x_wconf 81' lang='lat'>⁴)</span> <span class='ocrx_word' id='word_1_464' title='bbox 509 4774 600 4825; x_wconf 84' lang='lat' dir='ltr'>Pollux</span> <span class='ocrx_word' id='word_1_465' title='bbox 619 4771 719 4834; x_wconf 86' lang='lat' dir='ltr'>(Onon.</span> <span class='ocrx_word' id='word_1_466' title='bbox 732 4771 762 4836; x_wconf 85' lang='lat' dir='ltr'>n,</span> <span class='ocrx_word' id='word_1_467' title='bbox 782 4774 841 4838; x_wconf 84' lang='grc'>196)</span> <span class='ocrx_word' id='word_1_468' title='bbox 859 4773 971 4825; x_wconf 83' lang='lat' dir='ltr'>ciusdem</span> <span class='ocrx_word' id='word_1_469' title='bbox 990 4773 1108 4825; x_wconf 83' lang='lat' dir='ltr'>vocabuli</span> <span class='ocrx_word' id='word_1_470' title='bbox 1126 4774 1277 4825; x_wconf 80' lang='lat' dir='ltr'>mentionem</span> <span class='ocrx_word' id='word_1_471' title='bbox 1296 4771 1359 4826; x_wconf 87' lang='lat' dir='ltr'>lacit</span> <span class='ocrx_word' id='word_1_472' title='bbox 1378 4787 1456 4839; x_wconf 82' lang='lat' dir='ltr'>usqne</span> <span class='ocrx_word' id='word_1_473' title='bbox 1475 4770 1611 4838; x_wconf 85' lang='lat' dir='ltr'>scriptoris</span> <span class='ocrx_word' id='word_1_474' title='bbox 1630 4785 1718 4821; x_wconf 83' lang='lat' dir='ltr'>nomen</span> <span class='ocrx_word' id='word_1_475' title='bbox 1736 4767 1825 4820; x_wconf 73' lang='lat' dir='ltr'>adicit,</span> 
     </span>
    </p>

    <p class='ocr_par' dir='ltr' id='par_1_10' title="bbox 469 4857 1035 4926">
     <span class='ocr_line' id='line_1_42' title="bbox 469 4857 1035 4926; baseline -0.004 -14"><span class='ocrx_word' id='word_1_476' title='bbox 469 4861 491 4926; x_wconf 75' lang='lat'>⁸)</span> <span class='ocrx_word' id='word_1_477' title='bbox 509 4861 616 4912; x_wconf 76' lang='lat' dir='ltr'>libatos.</span> <span class='ocrx_word' id='word_1_478' title='bbox 636 4859 725 4912; x_wconf 83' lang='lat' dir='ltr'>Gracc.</span> <span class='ocrx_word' id='word_1_479' title='bbox 745 4860 783 4910; x_wconf 89' lang='lat' dir='ltr'>cd.</span> <span class='ocrx_word' id='word_1_480' title='bbox 803 4859 911 4926; x_wconf 64' lang='lat' dir='ltr'>Spengel</span> <span class='ocrx_word' id='word_1_481' title='bbox 929 4857 959 4922; x_wconf 90' lang='lat' dir='ltr'>ll,</span> <span class='ocrx_word' id='word_1_482' title='bbox 977 4859 1035 4910; x_wconf 82' lang='grc'>115.</span> 
     </span>
    </p>

    <p class='ocr_par' dir='ltr' id='par_1_11' title="bbox 338 4937 2037 5100">
     <span class='ocr_line' id='line_1_43' title="bbox 469 4937 2037 5012; baseline -0.007 -13"><span class='ocrx_word' id='word_1_483' title='bbox 469 4947 631 5012; x_wconf 69' lang='grc' dir='ltr'>1)111ε111ο1·1τ</span> <span class='ocrx_word' id='word_1_484' title='bbox 660 4947 794 4998; x_wconf 80' lang='lat' dir='ltr'>terrendum</span> <span class='ocrx_word' id='word_1_485' title='bbox 822 4954 863 4996; x_wconf 87' lang='lat' dir='ltr'>ost</span> <span class='ocrx_word' id='word_1_486' title='bbox 891 4947 1114 5012; x_wconf 82' lang='lat' dir='ltr'>llarpoerrtionem</span> <span class='ocrx_word' id='word_1_487' title='bbox 1147 4945 1217 4996; x_wconf 87' lang='lat' dir='ltr'>nullo</span> <span class='ocrx_word' id='word_1_488' title='bbox 1243 4946 1299 4996; x_wconf 86' lang='lat' dir='ltr'>loco</span> <span class='ocrx_word' id='word_1_489' title='bbox 1319 4959 1453 4995; x_wconf 82' lang='lat' dir='ltr'>enarrasse</span> <span class='ocrx_word' id='word_1_490' title='bbox 1482 4943 1585 4994; x_wconf 82' lang='lat' dir='ltr'>verbnm</span> <span class='ocrx_word' id='word_1_491' title='bbox 1613 4942 1678 5008; x_wconf 83' lang='lat' dir='ltr'>quod</span> <span class='ocrx_word' id='word_1_492' title='bbox 1697 4943 1805 5009; x_wconf 84' lang='lat' dir='ltr'>respicit</span> <span class='ocrx_word' id='word_1_493' title='bbox 1822 4957 1855 4993; x_wconf 83' lang='lat' dir='ltr'>err</span> <span class='ocrx_word' id='word_1_494' title='bbox 1875 4937 2037 5006; x_wconf 87' lang='lat' dir='ltr'>Antiphontis</span> 
     </span>
     <span class='ocr_line' id='line_1_44' title="bbox 338 5031 1365 5100; baseline -0.004 -15"><span class='ocrx_word' id='word_1_495' title='bbox 338 5033 483 5086; x_wconf 85' lang='lat' dir='ltr'>llhaurrmsii</span> <span class='ocrx_word' id='word_1_496' title='bbox 502 5033 606 5100; x_wconf 85' lang='lat' dir='ltr'>seriptis</span> <span class='ocrx_word' id='word_1_497' title='bbox 624 5034 740 5084; x_wconf 86' lang='lat' dir='ltr'>haustum</span> <span class='ocrx_word' id='word_1_498' title='bbox 759 5047 825 5096; x_wconf 83' lang='lat' dir='ltr'>osse,</span> <span class='ocrx_word' id='word_1_499' title='bbox 843 5033 887 5083; x_wconf 88' lang='lat' dir='ltr'>sed</span> <span class='ocrx_word' id='word_1_500' title='bbox 905 5033 1015 5084; x_wconf 85' lang='lat' dir='ltr'>strictim</span> <span class='ocrx_word' id='word_1_501' title='bbox 1033 5039 1131 5084; x_wconf 74' lang='lat' dir='ltr'>nutum</span> <span class='ocrx_word' id='word_1_502' title='bbox 1151 5047 1182 5084; x_wconf 85' lang='lat' dir='ltr'>ex</span> <span class='ocrx_word' id='word_1_503' title='bbox 1201 5031 1365 5098; x_wconf 85' lang='lat' dir='ltr'>Antiphonta.</span> 
     </span>
    </p>
   </div>
   <div class='ocr_carea' id='block_1_6' title="bbox 469 5117 1102 5186">
    <p class='ocr_par' dir='ltr' id='par_1_12' title="bbox 469 5117 1102 5186">
     <span class='ocr_line' id='line_1_45' title="bbox 469 5117 1102 5186; baseline 0.002 -16"><span class='ocrx_word' id='word_1_504' title='bbox 469 5119 491 5185; x_wconf 73' lang='grc'>1)</span> <span class='ocrx_word' id='word_1_505' title='bbox 511 5119 586 5186; x_wconf 84' lang='lat' dir='ltr'>Corp.</span> <span class='ocrx_word' id='word_1_506' title='bbox 605 5119 722 5186; x_wconf 77' lang='lat' dir='ltr'>inscript„</span> <span class='ocrx_word' id='word_1_507' title='bbox 744 5119 824 5171; x_wconf 87' lang='lat' dir='ltr'>Attio.</span> <span class='ocrx_word' id='word_1_508' title='bbox 844 5117 862 5184; x_wconf 90' lang='lat' dir='ltr'>l,</span> <span class='ocrx_word' id='word_1_509' title='bbox 882 5119 944 5182; x_wconf 74' lang='lat'>14⁰3</span> <span class='ocrx_word' id='word_1_510' title='bbox 963 5119 1026 5185; x_wconf 74' lang='lat'><strong>3183</strong></span> <span class='ocrx_word' id='word_1_511' title='bbox 1044 5119 1102 5172; x_wconf 79' lang='grc'>133.</span> 
     </span>
    </p>
   </div>
   <div class='ocr_carea' id='block_1_7' title="bbox 0 0 2286 5568">
    <p class='ocr_par' dir='ltr' id='par_1_13' title="bbox 0 0 2286 5568">
     <span class='ocr_line' id='line_1_46' title="bbox 0 0 2286 5568; baseline 0 2"><span class='ocrx_word' id='word_1_512' title='bbox 0 0 2286 5568; x_wconf 95' lang='lat' dir='ltr'> </span> 
     </span>
    </p>
   </div>
   <div class='ocr_carea' id='block_1_8' title="bbox 2276 3169 2284 5250">
    <p class='ocr_par' dir='ltr' id='par_1_14' title="bbox 2276 3169 2284 5250">
     <span class='ocr_line' id='line_1_47' title="bbox 2276 3169 2284 5250; baseline 0 0"><span class='ocrx_word' id='word_1_513' title='bbox 2276 3169 2284 5250; x_wconf 95' lang='lat' dir='ltr'> </span> 
     </span>
    </p>
   </div>
  </div>
 </body>
</html>
