4562 5568
1067 269 1286 335 -18-

325 452 418 514 lleum
442 455 540 513 autam
563 450 640 512 hano
662 466 787 531 poenam
810 446 1004 510 timuissem
1028 448 1178 528 tetralogia
1202 449 1265 530 ipsa
1289 449 1432 514 cerniturr
1461 446 1553 530 Λβ9
1577 445 1636 512 ἐὰν
1658 446 1696 512 dl
1717 449 1777 513 νῦν
1798 449 2028 534 καταληφθεὶς

325 557 501 636 ἀποθάνω,
524 557 645 626 ἀνόσια
667 554 779 646 ὀνείδη
801 569 872 635 τοῖς
894 559 1016 624 παισὶν
1037 552 1228 642 inempta,
1256 557 1276 646 ἢ
1298 562 1411 645 φυγών
1436 565 1539 645 γέρων
1561 561 1617 624 καὶ
1640 557 1763 636 ἄπολις
1778 559 1823 627 ὧν
1838 561 1897 626 ἐπὶ
1921 561 2030 636 ξενίας

323 673 515 758 πτωχεύσω.
559 676 694 740 Primum
728 693 797 738 reus
832 683 1004 755 argumenta
1038 673 1207 737 verisimilia
1242 672 1382 754 (εἰκότα)
1416 677 1556 738 adferens
1589 695 1621 737 se
1651 677 1754 756 culpae
1784 687 1934 758 expertem
1964 695 2029 738 esse

323 793 509 856 demonstrat
532 788 677 871 (db—7)
704 796 734 849 et
761 788 959 868 suspicionem
988 785 1075 850 etiam
1107 787 1139 848 in
1170 787 1242 848 alios
1265 797 1396 850 avertere
1419 790 1519 851 studet
1542 789 1577 866 (β
1593 787 1704 866 7-9),
1732 788 1836 850 deinde
1866 789 1896 850 in
1925 797 2027 868 quarta

323 904 508 969 oratiuncula
536 902 635 964 subito
666 918 769 963 omnes
800 919 901 963 servos
930 919 1000 962 suos
1027 901 1062 962 ad
1086 901 1290 981 quaestionem
1320 920 1371 981 per
1394 909 1542 964 tormenta
1565 900 1635 963 dare
1656 921 1708 964 sua
1732 911 1838 982 sponte
1861 902 1962 974 ollert,
1996 909 2028 963 ut

324 1021 419 1100 ipsum
443 1016 490 1080 illa
514 1025 609 1090 nocte,
633 1033 690 1095 qua
713 1014 781 1076 ciris
805 1020 927 1076 necatus
949 1013 997 1086 sit,
1022 1013 1110 1074 domo
1128 1031 1188 1074 non
1204 1013 1366 1076 excessisse
1382 1023 1535 1095 appareat:
1567 1011 1658 1076 Aes
1681 1007 1804 1076 ὁπόσοι
1827 1012 1889 1096 γὰρ
1912 1011 2027 1076 δοῦλοί

322 1153 379 1215 μοι
403 1127 423 1212 ἢ
449 1123 566 1192 declat
594 1126 678 1202 eloe,
709 1123 836 1200 πάντας
859 1121 1077 1208 παραδίδωμι
1100 1127 1299 1206 βασανίσαι·
1323 1125 1378 1188 καὶ
1406 1124 1465 1188 ἐὰν
1494 1123 1539 1210 μὴ
1571 1127 1667 1208 φανῶ
1693 1125 1793 1209 ταύτῃ
1817 1126 1856 1213 τῇ
1878 1125 1969 1190 νυκτὶ
1993 1123 2029 1188 ἐν

322 1245 402 1327 οἴκῳ
425 1237 602 1304 καθεύδων
624 1235 643 1323 ἢ
666 1233 810 1311 ἐξελθών
832 1258 914 1308 που,
937 1232 1089 1319 ὁμολογῶ
1111 1233 1232 1320 φονεύς
1261 1239 1356 1300 abac.
1400 1239 1492 1314 Quidl
1527 1257 1628 1301 nonne
1658 1239 1813 1302 admiratio
1836 1248 1938 1301 nostra
1963 1241 2028 1301 lure

323 1355 499 1426 movetdr¹l,
522 1353 600 1434 quod
623 1361 727 1414 auctor
749 1369 829 1414 nunc
850 1351 880 1411 in
904 1359 1053 1431 postrema
1077 1350 1262 1414 oratiuncula
1285 1371 1338 1433 per
1361 1360 1452 1414 testes
1475 1369 1561 1414 reum
1582 1353 1667 1433 culpa
1686 1371 1808 1416 vacuum
1826 1371 1889 1414 esse
1906 1351 2029 1422 indicat,

324 1478 357 1531 ut
385 1485 444 1529 non
474 1466 561 1529 modo
589 1466 686 1528 omnia
716 1471 887 1542 argumenta
916 1460 953 1522 ab
983 1472 1108 1544 utraque
1138 1473 1222 1545 parta
1248 1474 1333 1526 antea
1361 1465 1473 1545 prolata
1501 1465 1572 1526 bant
1602 1482 1833 1545 supervacanea,
1863 1464 1913 1525 ssd
1939 1462 2027 1524 etiam

321 1581 433 1643 iudices
456 1578 612 1644 inutilibus
635 1577 729 1640 uerbis
751 1577 845 1638 renati
869 1575 939 1648 sint,
962 1575 1095 1655 quamvis
1117 1585 1185 1638 ante
1206 1577 1393 1658 Areopagitas
1416 1585 1497 1638 extra
1521 1577 1673 1652 causam¹)
1698 1577 1796 1638 dicere
1820 1595 1880 1638 non
1903 1572 2028 1637 liceret?

323 1695 481 1756 Orationes
505 1692 655 1754 iudiciales
678 1692 855 1771 plerumque
878 1707 938 1749 non
961 1695 1021 1748 mm
1045 1688 1081 1750 ad
1105 1687 1257 1751 docendos
1279 1689 1392 1752 iudices
1422 1690 1602 1769 compositas
1629 1709 1717 1770 quam
1745 1691 1781 1750 ad
1810 1688 2028 1769 permovendos

323 1807 433 1868 invidia
457 1815 507 1868 aut
529 1804 636 1884 gratia,
664 1804 705 1864 ira
733 1809 784 1863 aut
812 1800 1012 1863 misericordia
1041 1801 1156 1864 animos
1188 1801 1336 1864 adhibitos
1367 1821 1433 1864 esse
1455 1803 1611 1865 advocatos
1635 1819 1695 1865 non
1719 1802 1834 1882 ignoro.
1879 1801 1937 1863 Sed
1960 1819 2026 1863 cum

322 1919 431 1990 omnia,
455 1936 531 1999 quae
554 1919 589 1979 ad
613 1935 715 1978 causas
737 1913 873 1994 capitales
897 1913 1057 1992 pertinent,
1080 1931 1197 1974 summa
1220 1931 1287 1976 curo
1311 1914 1460 1994 diligentia
1484 1915 1626 1995 exquisita
1651 1933 1716 1978 esse
1738 1925 1768 1977 et
1789 1916 1909 1977 iteratas
1932 1914 1963 1975 in
1980 1914 2025 1975 ius

320 2031 500 2104 vocationes,
518 2049 593 2112 quae
610 2017 829 2111 προδικασίαι
845 2027 1039 2108 appellantur,
1055 2025 1206 2088 institutas
1223 2045 1289 2088 esse
1300 2026 1379 2088 inter
1391 2045 1495 2089 omnes
1508 2037 1633 2098 constet,
1651 2029 1679 2089 in
1693 2028 1800 2109 quihus
1812 2027 1875 2088 iura
1888 2026 2023 2098 iuranda,

322 2144 501 2218 testimonia,
524 2150 696 2222 argumenta
721 2139 983 2202 conscribebantur
1004 2147 1035 2199 et
1057 2138 1162 2200 litteris
1186 2157 1305 2220 quoque
1327 2141 1586 2219 consignabantur,
1609 2149 1643 2202 ut
1664 2141 1695 2202 in
1719 2141 1833 2202 actione
1849 2139 1910 2220 ipsa
1927 2155 2023 2200 coram

320 2257 467 2319 iudicibus
496 2265 629 2318 oratores
658 2251 886 2334 inspicerent³),
916 2251 987 2331 quid
1015 2258 1155 2329 putemus
1184 2269 1269 2314 raum
1297 2251 1328 2313 iu
1355 2253 1477 2314 anacrisi
1508 2254 1680 2332 protulisse,
1717 2271 1776 2334 quo
1806 2253 2023 2314 accusationem

322 2370 510 2434 refellendam
533 2387 599 2432 esse
621 2361 859 2430 demonstraret?
902 2364 1055 2427 luterdum
1087 2371 1184 2427 autem
1215 2364 1326 2428 lactum
1355 2375 1415 2438 est,
1446 2376 1479 2427 ut
1501 2367 1626 2428 anacrisi
1649 2367 1706 2428 iam
1730 2365 1811 2426 linita
1835 2373 1866 2426 ct
1887 2363 2024 2425 omnihus

322 2482 533 2564 probationum
557 2481 765 2543 instrumentis
788 2480 818 2540 in
841 2478 968 2558 capsulis
993 2477 1099 2541 clausis
1122 2479 1354 2559 obsignatisque,
1383 2496 1483 2540 coram
1511 2479 1657 2542 iudicibus
1680 2480 1770 2550 servi,
1802 2479 1853 2558 qui
1875 2479 1911 2539 ad
1935 2495 2025 2557 argu-

321 2605 422 2659 menta
444 2597 540 2658 adhuc
562 2593 674 2674 prolata
698 2610 772 2655 nova
795 2591 964 2653 testimonia
987 2591 1119 2664 ederent,
1143 2610 1194 2672 per
1210 2599 1357 2654 tormenta
1373 2593 1627 2672 quaererenturb.
1672 2590 1715 2654 Ex
1732 2609 1796 2652 maa
1815 2591 1937 2671 quidem
1953 2609 2024 2652 sen-

321 2711 412 2772 tentia
443 2708 565 2770 omnino
595 2707 656 2770 lieri
684 2724 746 2767 non
772 2705 882 2786 potuit,
909 2703 982 2785 quin
1009 2721 1076 2765 reus
1107 2703 1209 2766 statim
1238 2706 1407 2767 meminerit
1435 2725 1467 2766 se
1493 2705 1539 2766 illa
1567 2714 1653 2766 nocte
1681 2711 1739 2785 qua'
1773 2705 1875 2766 caedes
1910 2713 2022 2783 patrato

322 2833 384 2884 erat
406 2821 485 2883 domi
510 2820 663 2892 mansisse,
686 2837 752 2881 enm
777 2818 842 2879 sine
866 2817 922 2878 ulla
945 2815 1129 2880 dubitatione
1151 2818 1287 2897 protinus
1310 2818 1407 2880 caedis
1430 2817 1559 2898 suspicio
1582 2817 1612 2878 in
1636 2835 1705 2878 eum
1731 2827 1808 2880 mota
1824 2817 1872 2878 sit.
1915 2815 2023 2892 Quidni

321 2955 390 3015 prae
414 2934 518 2997 ceteris
542 2935 599 2994 hoo
627 2939 835 3010 argumentum
864 2933 956 2992 serris
984 2928 1122 2992 adhibitis
1147 2931 1273 2994 testibus
1296 2931 1529 3003 confirmaverit,
1563 2931 1741 3010 simulatque
1774 2930 1803 2991 in
1831 2929 1878 2990 ius
1906 2935 2023 2988 vocatus

325 3043 393 3108 est?
430 3045 542 3120 Quodsi
562 3043 729 3120 classium),
752 3061 819 3104 cum
842 3060 911 3103 reus
934 3042 1004 3104 illud
1029 3041 1233 3121 grauissimum
1257 3053 1476 3122 argumentum,
1501 3063 1560 3122 quo
1577 3043 1716 3104 omnihus
1731 3041 1860 3104 iudicum
1877 3039 2024 3118 suffragiis

322 3167 384 3220 erat
407 3157 612 3226 absolvendus,
644 3163 827 3236 postremum
851 3154 977 3234 profert,
1007 3154 1048 3215 illi
1071 3173 1190 3216 summo
1213 3157 1368 3218 commodo
1396 3175 1461 3217 esse
1485 3156 1602 3218 disertis
1626 3154 1723 3216 verbis
1747 3153 1915 3222 contendit,
1944 3151 2023 3231 quod
2098 3199 2102 3212 .

324 3279 510 3333 accusatores
540 3269 705 3348 argumenti
735 3267 940 3329 auctoritatem
972 3267 1146 3347 radarguere
1175 3277 1225 3330 ant
1255 3268 1389 3330 refellere
1412 3269 1552 3349 prohibiti
1575 3267 1681 3345 sint⁶l‚
1713 3286 1762 3328 me
1790 3267 1887 3328 iudice
1910 3265 2038 3327 videtur·

322 3383 395 3444 nihil
418 3384 533 3444 dixisse.
578 3382 673 3443 lmmo
697 3378 779 3441 vero!
803 3399 904 3441 nonne
929 3379 984 3440 hoc
1008 3381 1094 3440 modo
1118 3379 1147 3440 in
1170 3380 1300 3441 iudicum
1325 3381 1440 3442 animos
1463 3380 1546 3442 lacile
1569 3381 1699 3460 suspicio
1723 3377 1905 3440 excitabatur
1928 3395 2022 3448 reum,

325 3508 359 3558 ut
382 3497 466 3577 eulpa
490 3495 679 3566 liberaretur,
710 3511 811 3554 servos
840 3501 942 3572 postea
966 3491 1091 3572 pecunia
1115 3492 1176 3553 sive
1198 3493 1261 3554 aliis
1284 3494 1554 3556 machinationibus
1577 3493 1745 3572 corrupisse
1768 3502 1798 3552 et
1820 3489 2020 3560 commovisse,

322 3620 354 3670 ut
375 3610 481 3672 falsum
505 3607 710 3670 testimonium
736 3624 788 3686 per
810 3615 956 3666 tormenta
987 3601 1131 3666 ederent?
1174 3605 1251 3678 Quid
1281 3617 1378 3669 autem
1407 3619 1593 3670 accusatores
1625 3615 1727 3668 contra
1757 3623 1912 3666 servorum
1940 3603 2021 3665 testi-

321 3723 427 3792 monio,
452 3721 476 3782 si
501 3721 635 3799 protinus
659 3727 758 3780 essent
781 3719 981 3798 pronuntiata,
1005 3719 1120 3796 gravius
1144 3721 1277 3797 prolerre
1300 3721 1475 3800 potuissent,
1498 3721 1550 3801 qui
1566 3721 1621 3800 ipsi
1638 3720 1810 3783 testimonio
1827 3718 1904 3778 servi
1920 3717 2023 3778 cuius-

320 3837 387 3895 dam
417 3835 556 3894 commoti
585 3833 802 3894 acccusationem
825 3830 904 3892 illam
926 3827 1141 3892 instituerant?
1185 3832 1337 3895 Praeterea
1365 3835 1394 3894 id
1419 3834 1579 3896 tenendum
1604 3842 1648 3893 est
1670 3832 1745 3893 servi
1769 3829 1888 3911 quidem
1914 3826 2023 3889 mortui

320 3948 523 4009 testimonium
546 3966 581 4009 ex
606 3946 782 4008 iudiciorum
804 3945 969 4007 Atticorum
994 3945 1099 4006 ordine
1122 3946 1194 4006 nihil
1218 3946 1353 4022 valuisse,
1376 3966 1442 4008 oum
1467 3947 1514 4008 ille
1539 3965 1599 4007 non
1623 3963 1676 4026 pcr
1700 3953 1845 4006 tormenta
1870 3941 2022 4022 quaesitus

319 4071 411 4131 esset,
441 4069 543 4122 contra
573 4076 724 4121 servorum
756 4057 925 4120 testimonia
954 4075 1030 4137 quos
1058 4076 1128 4119 reus
1157 4059 1337 4138 torquendos
1364 4059 1539 4131 tradiderat,
1569 4059 1679 4120 summi
1710 4057 1804 4120 fuisse
1836 4053 2021 4130 momenti').

318 4176 476 4235 Servorum
504 4173 583 4234 enim
613 4171 781 4233 testimonia
809 4189 862 4250 per
889 4178 1040 4233 tormenta
1068 4171 1146 4232 edita
1169 4171 1292 4233 Athenis
1323 4173 1378 4234 iam
1408 4173 1525 4236 saeculo
1556 4173 1659 4252 quinto
1684 4172 1813 4233 firmiora
1836 4187 1900 4228 esse
1923 4173 2020 4245 prutata

318 4303 406 4367 quam
430 4285 547 4362 civium,
562 4284 627 4366 quis
651 4283 772 4364 estqui
796 4279 964 4362 nesciat⁸)?

453 4487 473 4550 ¹)
491 4485 579 4549 Pente,
598 4485 645 4537 llio
665 4483 749 4535 lladon
769 4484 814 4534 des
832 4483 971 4551 Antiphon,
991 4500 1013 4551 p.
1027 4483 1068 4535 10.

453 4573 474 4636 ²)
492 4572 574 4624 bleicr
592 4588 617 4622 u.
635 4569 784 4633 Schdmann,
804 4569 853 4620 ller
871 4577 918 4622 att.
938 4569 1057 4636 Proaosa,
1075 4570 1113 4620 od.
1133 4569 1246 4636 Lipsius,
1265 4585 1287 4635 p.
1302 4569 1360 4620 933.

452 4660 474 4724 ³)
493 4661 598 4726 Antiph.
611 4657 653 4724 Vl,
671 4656 809 4723 §dd-ll.
1279 4711 1285 4720 ,

450 4747 471 4809 ⁴)
490 4745 570 4797 bloier
589 4762 613 4796 n.
631 4744 777 4806 Seminane,
796 4744 847 4794 llar
865 4749 911 4793 att.
933 4742 1047 4803 l’roaass,
1066 4741 1104 4791 ed.
1126 4740 1227 4807 Lipsius
1247 4759 1268 4808 p.
1283 4741 1369 4808 sess-t.
1389 4743 1493 4804 llolltor,
1511 4742 1604 4792 Athon.
1623 4737 1906 4800 Gerirhtsverlassung
1924 4755 1946 4804 p.
1960 4737 2018 4787 stt.

452 4834 471 4891 sp
492 4833 538 4884 nie
557 4840 603 4882 att.
624 4829 782 4882 beredsaml.
795 4828 832 4892 1¹,
847 4845 871 4896 p.
888 4829 942 4880 160.

449 4921 470 4983 ὅ)
489 4920 619 4970 Similiter
639 4919 737 4968 iudicat
756 4914 886 4980 llobmius‚
908 4915 923 4966 Ι.
940 4933 961 4966 c.
976 4915 1005 4978 ll,
1019 4931 1040 4980 p.
1057 4913 1096 4966 19.

451 5007 472 5071 ⁷)
491 5007 574 5058 hlriar
592 5023 615 5055 n.
634 5005 784 5066 Schh'maun,
803 5002 854 5053 Der
872 5008 919 5052 att.
939 5001 1054 5064 Process,
1073 5002 1111 5050 od.
1131 4999 1235 5065 Lipsius
1254 5014 1278 5065 p.
1291 4999 1348 5050 889.

450 5095 471 5158 ⁸)
491 5093 593 5162 Lysias,
613 5109 650 5143 or.
663 5089 702 5153 lll,
717 5091 763 5153 333
782 5091 825 5154 Ν,
840 5091 884 5152 10;
905 5087 954 5150 Vll,
970 5089 1010 5138 34.
1031 5087 1206 5150 lludtnallror,
1225 5086 1278 5136 Van
1299 5087 1344 5134 deu
1367 5084 1493 5148 Diiletem
1514 5101 1535 5152 p.
1550 5086 1590 5136 51.
