4562 5568
1074 307 1293 370 ...22-

335 501 423 564 quarn
448 483 561 546 veritati
585 484 717 547 serviant
739 495 768 548 et
790 503 822 546 re
846 503 912 546 vera
936 504 1059 565 puerum
1083 507 1115 548 se
1139 487 1234 568 ipsum
1258 486 1442 548 interfecisse
1466 485 1612 565 putent¹).
1651 485 1709 547 Sed
1733 496 1884 548 accusator
1906 486 2034 565 argutias

336 606 365 658 et
390 615 459 658 vana
483 597 639 658 verborum
664 597 839 658 deverticula
861 597 905 658 rei
929 617 990 658 non
1014 599 1155 678 detegens
1179 599 1277 660 denuo
1301 599 1337 661 ab
1361 598 1506 660 iudicibus
1530 599 1653 676 flagitat,
1682 608 1716 661 ut
1743 599 1917 662 adulescens
1938 618 2034 680 poena

335 709 496 782 adficiatur,
519 709 598 790 quod
623 710 741 771 caedem
765 709 993 772 involuntariam
1017 712 1176 791 patraverit
1199 711 1319 789 (1377).
1366 712 1398 773 ln
1422 711 1593 773 defensione
1615 711 1723 774 iterum
1748 721 1890 794 patronus
1913 712 2036 792 exponit

336 829 536 884 accusatorem
561 819 648 883 verba
674 821 747 883 male
770 822 996 902 interpretatum
1020 842 1093 896 esse,
1118 841 1187 885 nam
1209 843 1242 886 se
1264 841 1322 885 non
1347 824 1382 884 ad
1407 823 1528 886 verbum
1551 842 1736 886 asseverasse
1757 838 1884 906 puerum
1909 832 2034 886 mortem

336 935 534 997 voluntariam
563 933 672 996 obiisse
698 935 749 996 sed
778 933 862 1014 culpa
890 943 1005 998 tantum
1035 937 1127 1018 ipsius
1155 955 1222 1000 esse
1246 945 1398 998 necatum:
1436 935 1492 999 δ4
1515 932 1697 1015 σχετλιάζει
1721 934 1758 999 dd
1780 937 1884 1010 κακῶς
1906 931 2037 1000 ἀκούειν

336 1043 476 1132 φάσκων
497 1045 555 1110 τόν
578 1044 700 1123 παῖδα,
724 1046 755 1110 εί
776 1043 857 1131 μήτε
879 1043 1056 1123 ἀκοντίσας
1078 1046 1149 1134 μήτ’
1179 1045 1360 1134 ἐπινοήσας
1383 1045 1546 1132 αδθέντῃς
1572 1044 1618 1111 δν
1639 1043 1889 1125 ἀποδείκνυται,
1920 1048 1975 1112 καὶ
1999 1043 2039 1111 oe’

337 1158 420 1242 πρός
445 1158 488 1222 τὰ
518 1154 676 1240 λεγόμενα
705 1151 936 1238 ἀπολογεῖται.
976 1157 1014 1224 οἰ
1041 1160 1104 1244 γὰρ
1136 1157 1307 1226 ἀκοντίσαι
1338 1157 1416 1227 οάδὲ
1448 1160 1565 1242 βαλεῖν
1587 1157 1688 1224 αὐτόν
1715 1183 1801 1245 φῃμι
1830 1160 1888 1224 τόν
1917 1159 2036 1224 παῖδα.

336 1273 443 1336 Statim
465 1281 564 1335 autem
587 1291 691 1336 rursus
714 1274 744 1335 in
769 1283 936 1336 tortuosum
961 1275 1131 1355 disputandi
1159 1293 1253 1355 genus
1281 1275 1385 1338 incidit
1412 1283 1442 1337 et
1463 1286 1639 1355 argumenta
1662 1276 1783 1354 argutiis
1805 1275 1891 1356 plena
1913 1275 2036 1355 profert,

336 1406 412 1468 quae
433 1385 530 1448 verbis
555 1387 643 1448 modo
667 1387 750 1448 iactis
773 1405 894 1468 prorsus
918 1387 1064 1450 contraria
1086 1388 1237 1452 videntur:
1266 1382 1332 1451 ὑπὸ
1354 1384 1413 1470 τὴν
1435 1385 1565 1470 πληγὴν
1586 1386 1645 1450 τοῦ
1667 1382 1822 1450 ἀκοντίου
1844 1383 2038 1452 ὑπελθόντα

337 1493 396 1578 οάχ
417 1492 483 1561 ἀπό
506 1497 566 1560 τοῦ
588 1500 761 1580 μειρακίου
784 1496 856 1560 ἀλλ’
881 1491 934 1576 ἀφ’
957 1494 1076 1562 ἑαυτοῦ
1097 1497 1344 1582 διαφθαρῆναι,
1375 1499 1482 1581 quihus
1512 1501 1545 1562 in
1572 1501 1747 1564 universum
1769 1499 1871 1562 eadem
1894 1499 2037 1562 sententia

339 1611 523 1683 continetur,
554 1629 629 1692 quae
660 1611 739 1674 inest
760 1611 791 1673 in
814 1611 946 1674 oratione
968 1612 1095 1674 secunda
1119 1613 1201 1690 (β5;
1225 1611 1272 1692 8),
1302 1630 1390 1695 quarn
1421 1613 1608 1675 defensorem
1641 1613 1717 1674 male
1739 1611 1916 1676 intellexisse
1937 1620 2039 1675 auctor

338 1725 497 1786 contendit.
544 1724 685 1805 Equidem
709 1724 805 1786 iacere
829 1743 888 1786 non
912 1743 1049 1804 possum,
1079 1725 1152 1806 quin
1179 1726 1210 1787 in
1238 1733 1300 1788 tota
1327 1725 1477 1804 tetralogia
1508 1725 1673 1804 decipiendi
1696 1724 1826 1786 studium
1851 1723 2038 1804 perspiciam,

338 1855 406 1898 nam
429 1838 465 1899 ad
488 1845 547 1898 tam
572 1855 660 1899 vanas
685 1836 840 1899 verborum
864 1837 1043 1900 deflexiones
1067 1849 1096 1900 et
1119 1838 1222 1900 inanes
1245 1839 1460 1902 sententiarum
1484 1839 1610 1918 argutias
1634 1845 1734 1900 auctor
1756 1836 1893 1916 delapsus
1917 1844 1975 1906 est,
2006 1843 2039 1896 ut

337 1949 402 2012 iure
433 1949 596 2031 meritoque
625 1951 830 2032 unnsquisque
858 1952 1008 2032 ingenium
1039 1951 1167 2013 auctoris
1196 1968 1351 2030 moresque
1377 1960 1529 2032 tamquam
1557 1968 1721 2031 propensos
1748 1949 1783 2011 sd
1806 1949 1931 2012 fallacias
1955 1965 2039 2009 eror-

338 2063 447 2125 cendas
475 2063 630 2144 obiurgare
659 2064 772 2127 debeat.
822 2066 1006 2147 Quamquam
1036 2065 1141 2127 auxilia
1169 2064 1204 2125 ad
1233 2065 1399 2144 aagendam
1427 2063 1620 2126 ratiocinandi
1650 2063 1707 2124 vim
1739 2061 1775 2124 ab
1803 2072 1866 2124 arta
1886 2058 2039 2141 {rhetorica

340 2177 430 2256 petita
461 2177 548 2238 etiam
576 2177 606 2237 in
634 2177 823 2240 orationibus
851 2179 1036 2240 iudicialibus
1063 2176 1208 2258 permissa
1239 2185 1322 2248 sunt,
1350 2195 1439 2258 quam
1469 2196 1502 2239 ex
1532 2177 1620 2238 altera
1647 2175 1732 2257 quasi
1754 2182 1837 2255 parte
1857 2174 2039 2254 respondere

339 2289 525 2368 eloquentiae
549 2289 717 2352 Aristoteles
741 2289 874 2362 (Rheton
892 2291 912 2363 l,
931 2289 963 2372 1)
987 2289 1101 2365 docuit,
1131 2299 1231 2354 tamen
1254 2289 1444 2352 vehementer
1467 2290 1503 2352 alr
1526 2289 1567 2350 eis
1596 2287 1781 2368 discrepant,
1812 2306 1887 2369 quae
1909 2287 2038 2366 Antipho

339 2402 369 2464 in
392 2401 529 2481 genuinis
553 2401 735 2465 orationihus
759 2402 923 2478 adhibuit¹)
948 2411 977 2466 et
1000 2402 1091 2484 proba
1115 2403 1299 2483 honestaque
1322 2411 1544 2484 proposuerunt
1565 2400 1742 2482 philosophi.

484 2513 659 2595 Priusquam
688 2523 787 2578 autem
818 2516 892 2578 hanc
922 2516 1073 2578 materiam
1103 2515 1220 2577 missam
1256 2515 1395 2577 iaciamus
1422 2524 1452 2576 et
1482 2515 1516 2576 ad
1547 2533 1637 2576 noras
1664 2532 1712 2575 res
1742 2531 1799 2576 nos
1825 2521 2040 2582 convertamus,

340 2627 490 2690 occasione
513 2627 610 2690 oblata
633 2628 718 2690 lioeat
740 2628 905 2691 accuratius
928 2629 1115 2692 considerare
1138 2627 1323 2708 opinionem,
1355 2647 1445 2708 quam
1468 2627 1683 2708 Herrlichius⁸)
1706 2643 1804 2708 nuper
1826 2625 1862 2688 de
1885 2625 1971 2686 caede
1995 2626 2041 2686 in-

341 2741 506 2803 voluntaria
532 2742 676 2822 exposuit.
726 2742 775 2806 llle
804 2743 897 2814 enim,
932 2742 957 2803 si
991 2742 1057 2822 quis
1091 2741 1178 2804 alium
1213 2741 1243 2803 in
1273 2740 1414 2821 palaestra
1443 2741 1504 2802 sive
1532 2741 1561 2804 in
1593 2740 1670 2804 hello
1701 2759 1761 2802 non
1790 2757 1951 2819 agnoscens
1979 2737 2041 2799 sive

341 2854 472 2916 medicus
495 2855 584 2917 alium
607 2854 678 2918 falsa
701 2873 770 2918 cura
794 2855 961 2918 inconsulto
983 2854 1141 2928 necaverit,
1164 2854 1235 2915 haec
1258 2855 1294 2916 de
1317 2853 1373 2915 illis
1396 2852 1570 2915 criminibus
1597 2853 1668 2933 legis
1692 2861 1846 2933 praecepta
1874 2853 1907 2913 ad
1938 2846 2043 2934 φόνον

340 2961 499 3030 ἀκούσιον
520 2967 669 3049 pertinere
691 2977 720 3030 et
742 2968 958 3031 accusationem
981 2968 1013 3030 in
1034 2967 1142 3030 iudicio
1166 2965 1224 3030 drrl
1250 2961 1428 3050 Παλλαδίῳ
1457 2966 1502 3048 agi
1528 2984 1702 3047 persuasum
1730 2965 1831 3036 hahet,
1861 2965 1913 3027 sed
1944 2973 2042 3025 tamen

341 3097 425 3140 reum
450 3081 532 3142 omni
554 3081 638 3162 culpa
661 3081 788 3144 liberari.
832 3082 918 3155 Quod
941 3081 1045 3144 attinet
1068 3081 1103 3142 ad
1126 3081 1220 3159 legem
1249 3080 1286 3140 rle
1315 3079 1428 3141 medico
1455 3078 1558 3150 latam,
1589 3098 1650 3141 non
1680 3079 1750 3140 satis
1778 3077 1885 3158 liquet,
1915 3092 1988 3137 num
2012 3075 2042 3135 in

342 3191 513 3255 llraconteis
536 3194 648 3273 legibus
671 3195 855 3258 numeranda
877 3195 927 3269 sit,
950 3213 1017 3256 cum
1042 3212 1076 3254 er
1099 3193 1153 3254 lrac
1175 3199 1291 3254 tantum
1316 3191 1468 3270 tetralogia
1491 3199 1522 3254 et
1544 3191 1675 3254 Platonis
1700 3190 1842 3271 legibus⁴t
1871 3187 2044 3250 innotuerit.

344 3305 402 3368 Sed
426 3306 483 3369 hoo
505 3325 566 3369 non
589 3309 662 3371 adeo
685 3309 782 3389 magni
807 3307 945 3390 ponderis
970 3315 1015 3368 est
1037 3307 1073 3370 ad
1097 3305 1303 3387 quaestionem
1328 3315 1461 3367 nostram
1486 3305 1709 3367 diiudicandam.
1747 3303 1943 3367 Herrlichium
1958 3319 2044 3383 prae·

344 3425 484 3500 occupata
513 3429 614 3482 mente
641 3429 671 3481 et
699 3421 807 3502 raptim
837 3421 1018 3482 sententiam
1046 3419 1081 3481 de
1110 3418 1155 3480 his
1182 3417 1293 3496 legibus
1316 3418 1555 3498 pronuntiavisse
1577 3425 1607 3478 et
1629 3417 1758 3480 Platonis
1786 3415 1968 3488 sententiae,
1994 3413 2042 3492 qui

342 3531 405 3594 illas
434 3533 511 3612 leges
544 3533 579 3594 ad
608 3529 712 3616 φόνον
739 3525 899 3595 ἀκοόσιον
928 3533 1117 3606 adnumerat,
1151 3529 1239 3592 nimis
1275 3529 1485 3609 adstipulatum
1514 3548 1578 3591 esse
1608 3530 1680 3592 milri
1708 3528 1828 3610 quidem
1857 3527 2039 3588 manifestum

345 3646 468 3710 videtur.
514 3645 625 3709 Eodem
650 3647 729 3709 enim
753 3648 817 3711 iure
840 3647 910 3710 alias
933 3648 1024 3726 leges,
1056 3663 1130 3727 quae
1154 3644 1190 3706 ad
1212 3639 1317 3726 φόνον
1339 3639 1473 3704 δίκαιον
1495 3643 1661 3722 pertinent,
1693 3640 1797 3704 veluti:
1830 3635 1871 3701 ἄν
1896 3660 2045 3712 τις....

344 3753 524 3842 ἀποκτείνῃ
547 3756 621 3823 τινό
637 3805 644 3821 .
661 3804 669 3820 .
686 3804 718 3821 ..
742 3756 762 3844 ἢ
784 3758 841 3823 ἐπὶ
865 3755 1007 3842 δάμαρτι
1025 3806 1032 3821 .
1049 3804 1081 3820 ..
1118 3753 1137 3840 ἢ
1160 3753 1219 3820 ἐπὶ
1247 3752 1343 3838 μητρὶ
1367 3750 1387 3837 ἢ
1410 3751 1462 3815 ἐπ’
1485 3749 1613 3842 ἀδελφῇ
1634 3750 1654 3837 ἢ
1678 3751 1736 3816 ἐπί
1766 3748 1923 3831 θυγατρὶ,
1946 3744 1967 3832 ἢ
1989 3744 2047 3809 ἐπὶ

346 3869 499 3958 παλλακῇ
521 3866 561 3954 ἢν
582 3869 624 3936 ἀν
645 3869 699 3934 ἀπ’
722 3869 911 3952 ἐλευθέροις
933 3869 1055 3936 παισὶν
1077 3868 1133 3953 ἔχῃ
1156 3870 1201 3931 vel
1223 3865 1283 3930 δᾶν
1298 3862 1420 3943 ἄγοντα
1435 3863 1454 3950 ἢ
1470 3868 1612 3949 φέροντα
1626 3867 1686 3948 βίᾳ
1706 3859 1828 3938 ddtsor
1844 3857 1945 3936 δῧθῦς
1959 3853 2049 3941 a'tssl·

345 3979 481 4066 νόμενος
503 3987 620 4068 κτείνῃ,
644 3985 798 4068 νηποινεὶ
821 3983 986 4050 τεθνάναι
1009 3987 1053 4048 val
1075 3979 1134 4048 ἐόν
1155 4005 1206 4057 τις
1228 3977 1433 4065 ἀμυνόμενος
1455 3977 1598 4066 ἄρχοντα
1620 3979 1738 4062 χειρῶν
1760 3972 1886 4041 ἀδίκων
1907 3977 2016 4058 κτείνῃ
2025 3973 2048 4048 'l

347 4097 392 4158 vel
414 4098 521 4160 multas
545 4098 615 4162 alias
638 4099 731 4162 titulis
755 4100 790 4162 de
813 4101 904 4162 caede
927 4098 1123 4162 involuntaria
1147 4096 1297 4177 inscriptis
1319 4095 1452 4159 inserere
1475 4095 1570 4176 potuit
1591 4095 1646 4168 ita,
1671 4101 1705 4156 ut
1727 4091 1934 4172 unusquisque
1958 4087 2047 4149 mira·

346 4221 444 4290 retur,
478 4234 536 4295 quo
571 4217 693 4279 oonsilio
715 4217 909 4280 Athenienses
943 4216 1085 4280 iudicium
1114 4212 1172 4278 ἐπὶ
1203 4210 1373 4294 Δελφινίῳ
1408 4208 1613 4272 instituissent
1676 4207 1828 4268 Praeterea
1862 4205 1970 4280 legem:
2010 4193 2051 4261 ἀν

345 4349 396 4402 τις
412 4374 419 4390 .
436 4376 443 4391 .
461 4377 492 4392 ..
515 4325 694 4412 ἀποκτείνῃ
717 4327 794 4392 τινὰ
816 4327 851 4392 ἐν
873 4327 1006 4411 πολέμῳ
1030 4321 1194 4412 ἀγνοήσας
1217 4343 1279 4387 σου
1301 4325 1338 4387 ad
1360 4319 1465 4406 φόνον
1486 4315 1644 4384 ἀκούσιον
1670 4317 1855 4382 referendam
1879 4332 1944 4376 csse
1965 4311 2050 4374 facile

347 4452 393 4506 ost
415 4443 545 4524 cognitu.
590 4443 691 4524 Neque
715 4442 793 4505 enirn
818 4442 880 4506 fieri
903 4443 1009 4524 potuit,
1031 4451 1066 4504 ut
1088 4442 1122 4512 is,
1146 4440 1197 4520 qui
1219 4439 1309 4502 alium
1334 4439 1365 4500 in
1389 4435 1463 4499 bello
1486 4443 1537 4498 aut
1558 4435 1589 4496 in
1611 4442 1760 4495 nocturno
1782 4428 1922 4500 tumultu,
1948 4423 2050 4507 quales

352 4611 565 4624 ι-ιυ-ι-

483 4699 502 4762 ¹)
521 4701 593 4769 1374
611 4693 748 4766 αὐθέντην
765 4699 1067 4770 προσκαταγνονσθίντα
1086 4695 1135 4767 ἀφ’
1151 4691 1231 4766 ὑμῶν
1249 4693 1336 4748 ἐπίδοι
1354 4685 1444 4747 αὐτόν.

484 4787 506 4854 ²)
524 4787 713 4855 Dispositiones
731 4787 819 4838 harum
839 4787 981 4838 orationum
999 4792 1119 4838 accurate
1137 4781 1280 4836 illustravit
1299 4781 1421 4843 Blassius,
1439 4777 1486 4829 llis
1505 4783 1551 4828 att.
1572 4771 1730 4825 Beredsamk.
1749 4769 1788 4835 1¹,
1802 4769 1850 4822 itt
1863 4785 1901 4836 sq.

484 4874 495 4908 a

485 4883 507 5026 *λ
524 4874 715 5025 ἀίάτ.Ρδάολἀςλ
727 4957 772 5023 tx,
786 4957 834 5010 865
855 4959 872 5008 Β
891 4957 994 5026 ἰατρῶν
1011 4954 1041 5009 δὲ
1057 4957 1122 5024 περὶ
1140 4946 1259 5018 πόντων,
1279 4947 1345 5004 διν(ι
1368 4938 1594 5019 θεραπευόμενος
1611 4939 1658 4996 ὑπ’
1679 4937 1772 4996 αὐτῶν
1794 4936 1915 4996 ἀκόντων
1935 4939 2051 5006 τελευτᾷ,

350 5045 474 5116 καθαρός
491 5045 559 5100 ἔσται
576 5042 644 5100 κατὰ
661 5039 760 5114 νόμον.

487 5135 509 5200 ⁸)
526 5135 689 5188 Denasthsn.
702 5131 797 5199 xxut,
810 5131 925 5196 sat-553
938 5132 978 5182 uu.
