4562 5568
992 309 1193 372 ..17-

242 497 310 568 post
333 487 452 567 triginta
475 486 605 548 virorum
634 485 870 548 dominationem
899 485 1051 558 abolitam,
1080 489 1132 567 qui
1159 487 1301 549 Draconis
1331 495 1360 548 ct
1383 487 1501 549 Solonis
1524 486 1603 565 leges
1627 495 1808 560 everterant,
1836 485 1946 548 liberae

241 602 284 664 rei
307 600 442 680 publicae
465 601 600 670 formam,
628 599 721 678 qualis
744 606 830 660 antm
852 597 951 673 fuerit,
975 618 1040 661 esse
1064 601 1278 664 restituendam
1302 600 1454 664 decretum
1478 598 1565 676 est¹).
1611 600 1727 662 Solonis
1750 601 1837 679 leges,
1861 617 1947 661 men-

242 731 338 787 suras,
361 714 491 794 pondera
515 713 714 792 Draconisque
736 710 906 774 sanctiones
929 711 1099 774 retinendas
1123 731 1196 774 esee.
1235 711 1296 774 Noc
1319 713 1418 774 minus
1441 723 1573 776 oratores
1596 714 1746 794 permulti,
1770 712 1822 793 qui
1846 721 1948 793 postea

243 825 340 903 legum
371 823 538 906 capitalium
570 823 755 887 mentionem
783 823 911 896 iaciunt,
945 825 1098 904 scriptoris
1132 843 1243 887 nomen
1278 825 1436 907 addunt¹)‚
1470 827 1509 888 ita
1538 836 1571 889 ut
1605 827 1707 909 paucis
1739 834 1854 888 tantum
1885 824 1949 888 aliis

243 937 362 1000 adiectis
385 956 491 1000 omnes
513 955 607 1017 usque
630 936 664 999 ad
689 935 895 998 Demosthenis
919 945 1044 1001 aetatem
1068 937 1131 1018 illas
1154 939 1230 1018 leges
1253 939 1380 1019 riguisse
1404 948 1563 1020 procerte
1588 941 1758 1003 habeamus.
1794 939 1948 1000 Praeterea

245 1060 466 1132 peropportune
489 1050 628 1131 contigit,
659 1051 739 1132 quod
762 1059 864 1113 extant
887 1050 990 1130 lapidis
1012 1054 1190 1131 fragmenta,
1225 1053 1275 1132 qui
1298 1052 1438 1115 Draconis
1462 1053 1539 1132 leges
1568 1052 1733 1132 exhibet⁸),
1765 1061 1797 1114 ut
1823 1053 1855 1114 in
1879 1053 1950 1112 uni-

245 1183 364 1226 versum
391 1163 574 1226 constituere
602 1163 768 1245 possimus,
799 1181 873 1243 quae
901 1163 981 1242 leges
1013 1182 1046 1225 re
1075 1182 1139 1226 vera
1168 1166 1201 1226 ad
1227 1165 1404 1228 Draconteas
1433 1168 1577 1245 genuinas
1608 1167 1755 1246 pertinere
1785 1165 1950 1236 videantur,

248 1297 321 1358 quae
348 1286 449 1360 postea
480 1277 537 1340 illis
565 1277 730 1358 adscriptae
757 1277 827 1340 sint.
873 1277 971 1340 Diocle
1000 1277 1077 1340 enim
1105 1280 1248 1341 archonte
1270 1279 1315 1341 ot.
1332 1277 1454 1352 xcutt
1483 1277 1633 1342 decretum
1658 1279 1805 1360 quoddam
1829 1285 1950 1354 senatus

251 1391 408 1473 populique
430 1391 654 1456 Atheniensium
678 1395 787 1455 sactum
812 1398 870 1464 est,
899 1399 932 1452 ut
955 1391 1027 1472 lapis
1049 1398 1266 1464 exstrueretur,
1297 1409 1356 1472 quo
1379 1392 1520 1455 Draconis
1541 1394 1620 1472 leges
1642 1393 1754 1454 incisae
1775 1398 1874 1460 erant,
1901 1389 1952 1469 qui

250 1523 342 1584 nuper
364 1513 500 1584 repertus
524 1511 579 1568 est.
616 1505 770 1584 Laguatan
793 1513 892 1567 autem
916 1503 1002 1565 haec:
1025 1501 1084 1566 τὸν
1100 1499 1289 1586 Δράκοντος
1311 1499 1413 1587 νόμον
1434 1501 1578 1588 τόμπερὶ
1600 1504 1658 1568 τοῦ
1682 1501 1786 1588 φόνον
1810 1499 1952 1584 ἀναγρα-

248 1614 386 1699 ψάντων
407 1608 441 1679 οἱ
464 1612 656 1700 ἀναγραφῆς
677 1615 743 1681 τόν
764 1609 876 1698 νόμων
898 1607 1149 1698 παραλαβόντες
1171 1614 1264 1696 παρὰ
1285 1615 1345 1678 τοῦ
1365 1615 1463 1696 (κατὰ
1492 1619 1695 1699 πρυτανείαν
1724 1615 1954 1698 γραμμα)τέοις

249 1728 306 1811 τῆς
335 1727 455 1812 βουλῆς
481 1725 599 1812 ἒστήλη
631 1727 746 1808 λιθίνη
776 1727 833 1790 ναὶ
861 1727 1074 1792 ταταθόντιον
1101 1721 1254 1809 πρόσθεν
1283 1729 1340 1810 τῆς
1370 1727 1469 1802 στοᾶς
1498 1729 1554 1812 τῆς
1580 1713 1763 1809 βαστλείας.
1815 1727 1953 1802 Quamuis

254 1841 336 1904 valde
358 1840 517 1904 dolendum
539 1843 578 1904 sit
600 1842 682 1904 hunc
703 1841 833 1922 lapidem
855 1849 1022 1921 temporum
1049 1840 1156 1903 invidis
1184 1850 1322 1904 vexatum
1352 1851 1381 1905 et
1403 1843 1590 1905 dilaceratum
1616 1863 1682 1905 csse
1706 1841 1805 1904 inultis
1830 1841 1954 1909 lacunis,

252 1973 327 2034 quae
347 1954 442 2016 adhuc
465 1954 599 2016 noudum
623 1954 719 2035 aliqua
742 1971 810 2016 eum
832 1950 1040 2034 probabilitate
1062 1953 1217 2017 restitutae
1238 1965 1320 2029 sunt,
1345 1964 1377 2018 ut
1392 1956 1549 2018 maximam
1566 1956 1664 2036 legum
1682 1955 1822 2017 Draconis
1839 1960 1952 2032 partem

251 2085 286 2128 en
314 2085 349 2128 co
377 2067 414 2128 ad
442 2064 567 2129 verbum
597 2065 761 2140 videamus,
787 2076 888 2129 umen
919 2065 949 2128 in
980 2065 1152 2130 universum
1181 2067 1277 2147 leges,
1308 2088 1381 2150 quas
1408 2089 1443 2132 ex
1474 2079 1626 2133 oratorum
1650 2069 1814 2131 Atticorum
1837 2065 1954 2146 scriptis

253 2177 449 2258 cognorimus
471 2179 617 2261 imprimis
645 2199 681 2242 ex
704 2179 911 2243 Demosthenis
939 2179 1074 2243 oratione
1101 2181 1131 2242 in
1155 2183 1366 2244 Aristocratem
1396 2182 1493 2245 habita
1523 2201 1590 2246 cum
1620 2181 1724 2262 inim),
1754 2199 1827 2262 quas
1859 2177 1955 2259 lapide

252 2291 361 2356 incisas
383 2309 465 2356 nuuc
485 2292 638 2368 habemus,
661 2309 826 2374 congruere
848 2293 1011 2375 appareat).

281 2393 285 2402 ’
395 2403 456 2466 Nos
477 2406 599 2486 quidem
622 2406 668 2470 his
691 2407 858 2487 praemissis
882 2405 917 2468 ed
942 2407 1127 2489 propositum
1153 2415 1290 2470 nostrum
1313 2416 1509 2470 transeamus.

394 2519 491 2600 Atque
518 2519 643 2600 primam
672 2520 855 2599 tetralogiam
884 2520 1012 2584 breviter
1039 2519 1189 2584 absolvere
1221 2541 1396 2603 possumus,
1431 2524 1510 2603 quod
1542 2541 1646 2585 causae
1672 2521 1831 2594 institutio,
1866 2537 1954 2600 quarn

253 2639 353 2693 orator
375 2629 434 2692 sibi
454 2629 556 2705 linxit,
584 2631 614 2692 in
638 2631 794 2694 manifesto
817 2641 871 2694 est.
918 2633 993 2695 Ciris
1017 2633 1136 2713 quidam
1160 2646 1247 2696 noctu
1272 2653 1339 2697 oum
1362 2654 1447 2698 serso
1470 2655 1486 2696 a
1509 2653 1599 2698 coena
1622 2635 1739 2696 rediens
1762 2633 1955 2695 obtruncatus

253 2761 352 2825 neque
382 2754 483 2806 tamen
510 2743 694 2807 vestimentis
723 2745 866 2827 spoliatus
896 2757 949 2808 est.
994 2747 1036 2808 Ac
1063 2747 1201 2810 dominus
1229 2749 1347 2830 quidem
1378 2748 1478 2812 statim
1514 2749 1592 2810 illico
1625 2748 1754 2809 animam
1790 2745 1957 2826 exspiravit,

249 2875 368 2920 ameum
397 2865 496 2919 autem
527 2856 568 2928 ci,
595 2857 646 2936 qui
673 2855 760 2937 primi
791 2843 996 2932 advenerunt,
1019 2860 1172 2923 etiamtum
1203 2863 1299 2924 rivum
1327 2870 1533 2942 reppererunt.
1578 2861 1780 2938 Interrogatus
1803 2857 1839 2920 ab
1862 2859 1956 2920 inter·

254 2969 321 3032 lecti
344 2967 518 3052 propinquis
540 2969 577 3032 de
599 2969 714 3033 domini
736 2971 884 3033 occisione
911 2972 942 3034 in
970 2991 1178 3053 percussorum
1203 2993 1330 3037 numero
1353 2975 1591 3038 inimicissimum
1615 2974 1728 3037 domini
1752 2973 1901 3054 quendam
1924 2989 1958 3032 se

258 3082 410 3160 agnovisse
438 3081 536 3144 edicit.
581 3080 694 3154 Quibus
722 3083 818 3144 uerbis
845 3085 928 3147 sactis
956 3103 1018 3147 non
1048 3085 1141 3148 multo
1171 3097 1237 3168 post
1264 3106 1368 3150 servus
1395 3108 1411 3150 c
1434 3089 1491 3150 vita
1516 3087 1650 3151 excessit.
1695 3087 1851 3148 Inimicum
1873 3084 1956 3146 illum

190 3249 193 3260 ,
262 3195 375 3270 cognati
395 3194 584 3275 adfinesque,
625 3196 659 3256 ad
684 3212 758 3273 quos
781 3195 879 3260 caedis
902 3195 973 3257 ultio
995 3197 1176 3277 pertinebat,
1205 3197 1302 3260 caedis
1331 3199 1454 3262 consilio
1477 3209 1608 3281 patratae
1629 3201 1660 3261 in
1683 3199 1730 3260 ius
1752 3206 1859 3259 vocant
1881 3196 1957 3277 apud

256 3303 487 3385 ·Arcopagitas⁰).
521 3307 743 3370 Condemnstus
765 3309 789 3370 si
812 3309 953 3371 iniustam
977 3311 1097 3374 caedem
1122 3312 1258 3374 consulto
1282 3312 1465 3374 commisisse
1487 3313 1634 3374 iudicatus
1658 3323 1730 3384 crat,
1761 3311 1863 3392 capitis
1886 3329 1959 3392 sup-

259 3417 380 3497 plicium
407 3419 538 3492 subibat,
574 3420 633 3483 nisi
659 3430 744 3483 antea
773 3421 939 3484 voluntario
970 3422 1055 3485 exilio
1085 3421 1190 3487 urbem
1217 3425 1391 3506 reliquerat,
1425 3424 1561 3504 bonaque
1595 3424 1658 3486 eius
1689 3421 1957 3504 publicabantur').

395 3674 416 3737 ¹)
434 3673 473 3725 llx
492 3673 635 3727 Andocidis
647 3675 767 3726 oratioue
778 3674 809 3725 de
822 3675 954 3742 mysteriis
966 3677 1014 3728 hoo
1026 3685 1128 3730 coastat
1140 3677 1167 3745 (5
1182 3679 1237 3744 dli:
1256 3678 1347 3740 ἔδοξεν
1359 3680 1398 3748 τῷ
1410 3673 1498 3749 δήμῳ,
1514 3676 1679 3749 Τεισαμενὸς
1690 3677 1754 3733 εἶπε
1765 3668 1959 3730 πολιτεύεσθαι

254 3753 419 3828 Ἀθηναίους
435 3759 505 3814 κατὰ
525 3757 559 3812 cd
580 3752 690 3832 πάτρια,
708 3757 807 3830 νόμοις
825 3759 855 3814 at
869 3763 996 3834 χρῆσθαι
1013 3767 1068 3822 τοῖς
1083 3756 1218 3830 Σόλωνος,
1236 3769 1283 3818 καὶ
1298 3767 1406 3838 μέτροις
1423 3767 1470 3817 καὶ
1486 3769 1632 3836 σταθμοῖς,
1653 3767 1778 3838 χρῆσθαι
1796 3762 1824 3816 di
1840 3764 1886 3815 eet
1902 3765 1960 3819 τοῖς

258 3842 417 3917 Δράκοντος
433 3849 560 3917 θεσμοῖς,
579 3839 678 3919 οἷσπερ
713 3840 860 3916 ἐχρώμεθα
877 3848 906 3900 ἐν
930 3849 969 3918 aqi
985 3842 1113 3919 πρόσθεν
1125 3848 1227 3922 χρόνῳ.
1246 3852 1278 3904 ci.
1298 3853 1418 3906 Acachia.
1437 3855 1463 3904 is
1483 3853 1610 3906 'l'imarcb
1630 3851 1699 3919 539.

392 3933 414 3997 ⁸)
432 3935 593 3986 Demosthen.
612 3937 637 3986 is
657 3936 813 3987 Aristocrat.
832 3934 901 4000 §5¹-
919 3935 1021 4004 Leptin.
1040 3938 1126 4004 5158.
1145 3941 1171 3991 in
1190 3940 1284 4006 Euerg.
1303 3946 1330 3993 et
1348 3938 1456 3992 Mnesib.
1475 3940 1545 4006 §lb

394 4019 649 4156 ᾙὲοόῑΑιόόΙίόόοιι
669 4091 784 4143 virorum
803 4104 888 4155 curas,
915 4089 958 4155 qui
976 4089 1070 4157 lapidis
1093 4089 1193 4141 lacunis
1216 4091 1300 4156 legum
1323 4090 1441 4142 formulis
1463 4089 1587 4141 adhibitis
1610 4088 1798 4140 Aristocrateis
1827 4087 1960 4154 explendis

263 4191 364 4244 operam
383 4185 521 4240 navarent,
540 4192 589 4227 non
608 4184 657 4241 cst,
675 4177 739 4242 quod
759 4177 876 4244 pluribus
894 4179 1015 4241 repetam,
1034 4170 1066 4222 ci.
1079 4168 1202 4236 Kochlcr,
1220 4171 1326 4224 Hermes
1338 4171 1369 4238 11,
1382 4173 1423 4224 27.
1449 4168 1813 4238 Bergk,l’hilol.18'13,669'.
1841 4167 1962 4236 Philippi,

263 4261 313 4312 Dcr
330 4263 451 4328 Areopag
468 4279 492 4314 n.
511 4261 551 4314 die
571 4261 691 4330 Ephetcu,
711 4279 734 4329 p.
747 4262 796 4313 333
809 4278 845 4329 sq.
1399 4287 1400 4290 ¹
1824 4277 1826 4282 ·

397 4347 417 4414 ⁶)
435 4347 542 4400 Etiamsi
560 4347 687 4400 Frankins
707 4348 752 4410 (Dc
771 4349 853 4412 legum
872 4346 998 4413 formulis,
1020 4361 1083 4414 quae
1101 4346 1127 4397 iu
1146 4345 1323 4398 Demosthenis
1343 4345 1522 4397 Aristocraten
1540 4343 1712 4410 reperiuntur.
1736 4343 1863 4394 blisscuae
1884 4342 1961 4408 tels)

264 4433 313 4483 iam
332 4433 403 4498 leges
422 4434 547 4500 singulas,
566 4450 670 4500 quarum
688 4432 814 4485 formulae
833 4435 858 4486 iu
878 4435 1055 4487 Aristocraten
1076 4435 1189 4485 insertas
1207 4433 1382 4498 inveniuntur,
1401 4433 1489 4483 ordine
1507 4431 1655 4498 percensuit
1673 4439 1700 4480 et
1718 4445 1761 4480 cas
1780 4427 1855 4480 fictas
1874 4445 1961 4479 omnes
2017 4495 2019 4499 Ι

264 4527 291 4571 ct
308 4521 499 4572 commenticias
519 4535 575 4571 csse
594 4522 787 4584 dcmonstravit,
805 4529 889 4574 umen
907 4521 970 4573 bene
989 4519 1083 4572 iactum
1101 4527 1150 4584 cst,
1167 4521 1232 4588 qood
1251 4527 1354 4586 practer
1371 4533 1455 4580 unam,
1474 4533 1536 4584 quac
1554 4516 1665 4568 ucuudo
1689 4516 1745 4566 loco
1768 4523 1960 4566 commemorata

264 4615 306 4657 est
322 4607 406 4674 (pt),
432 4607 548 4672 reliquae
567 4622 651 4658 omncs
670 4609 744 4660 salua
761 4607 924 4675 antiquitatis
942 4609 1036 4659 notitia
1059 4607 1119 4658 tolli
1142 4607 1274 4674 delerique
1298 4613 1412 4674 possum.
1448 4603 1511 4656 Nam
1535 4619 1567 4656 cx
1595 4604 1710 4654 undecim
1730 4603 1811 4668 legam
1839 4601 1963 4666 formulis,

265 4710 327 4759 qnae
346 4695 369 4746 ic
389 4694 435 4747 illa
454 4696 571 4746 oratione
590 4695 819 4760 deprehenduntur,
837 4695 922 4744 decem
941 4694 977 4745 its
996 4702 1056 4746 suut
1073 4710 1104 4745 ex
1124 4696 1236 4746 oratoris
1254 4693 1340 4745 verbis
1359 4707 1506 4759 expressae,
1525 4700 1554 4742 ut
1573 4691 1638 4742 nihil
1657 4689 1712 4742 iere
1730 4691 1887 4752 conticeant,
1905 4690 1962 4757 quin

265 4795 298 4832 cx
316 4781 372 4848 ipsa
391 4781 507 4832 oratione
526 4781 655 4844 cognitum
672 4780 802 4832 habeatur.
1354 4783 1355 4786 ’
1638 4809 1641 4816 ’

400 4861 423 4926 ⁶)
440 4862 511 4912 Aac
530 4856 545 4912 ὁ
564 4855 683 4919 θάνατος
699 4861 729 4921 ἐξ
743 4861 889 4928 ἐπιβουλῆς
906 4857 1087 4914 ἀποθανόντα
1103 4856 1199 4930 μηνύει
1217 4855 1307 4914 αὐτόν.
1335 4862 1367 4914 cf.
1387 4863 1504 4932 Philippi,
1529 4864 1581 4915 Der
1599 4864 1718 4928 Areopag
1735 4879 1760 4913 u.
1783 4862 1825 4913 die
1844 4861 1965 4929 Ephctea‚

266 4963 289 5014 p.
303 4947 386 5009 aena.
406 4948 506 5012 hellel,
526 4933 592 5001 hear
610 4948 650 5000 ure
668 4963 723 5013 ος.
742 4942 890 5013 cataroae,
909 4965 930 5016 ρ.
944 4950 968 4998 r.

400 5032 421 5098 ⁷)
441 5034 599 5088 Demosthcc.
619 5051 656 5087 or.
670 5035 756 5102 21,4θ
774 5035 803 5087 οἱ
819 5035 928 5104 φονικοὶ
945 5028 1008 5090 τοὺς
1024 5032 1077 5102 μὲν
1099 5033 1129 5086 ἐκ
1150 5037 1286 5104 προνοίας
1311 5026 1529 5089 ἀποκτιννύντας
1554 5026 1667 5098 θανάτῳ
1694 5031 1739 5080 καὶ
1767 5029 1895 5099 ἀειφυγίᾳ
1921 5034 1966 5082 καὶ

267 5111 398 5190 δημεύσει
415 5119 470 5173 τοῖν
487 5112 667 5192 ὑπαρχόντων
685 5122 821 5190 ζημιοῦσι.
832 5120 864 5173 ci.
880 5120 1007 5172 Demosth.
1021 5136 1056 5171 or.
1072 5120 1114 5184 23,
1126 5120 1167 5171 69.
1187 5120 1306 5188 Philippi,
1319 5122 1335 5171 1.
1351 5137 1372 5170 c.
1386 5137 1408 5186 p.
1422 5120 1463 5170 96.

320 5204 392 5264 phebea
405 5203 472 5248 stede.
485 5205 536 5248 labb.
551 5206 682 5258 Dargexsch.
709 5207 768 5248 Ιθθθ.
1751 5205 1768 5260 3
