4562 5568
1150 1241 1401 1576 ,sapt

406 1583 592 1661 Quamquam
619 1581 703 1643 multi
727 1580 783 1642 iam
809 1579 860 1640 riri
883 1579 963 1640 docti
979 1587 1099 1640 nostrae
1115 1535 1241 1640 settim
1235 1575 1428 1656 Antiphontis
1443 1575 1618 1637 Rhamnusii
1634 1575 1816 1638 orationihus
1831 1593 1968 1656 perscru-

263 1696 359 1756 tandis
383 1693 664 1772 considerandisque
692 1692 849 1770 diligenter
875 1707 996 1770 operam
1028 1697 1174 1751 cavarunt
1203 1705 1381 1768 summoque
1415 1687 1515 1749 studio
1548 1686 1753 1758 coniecerunt,
1789 1697 1823 1749 ut
1856 1697 1968 1750 tortum

262 1809 392 1886 legamus
416 1807 451 1867 ad
476 1805 547 1866 artis
570 1804 688 1866 criticae
702 1805 781 1882 leges
798 1803 994 1864 coustitutum
1017 1802 1179 1882 multisque
1195 1801 1382 1862 librariorum
1399 1797 1551 1862 erroribus
1568 1798 1733 1871 liberatum,
1757 1808 1859 1862 tamen
1875 1799 1970 1862 adhuc

264 1929 344 1981 extat
369 1927 448 1981 tauta
473 1917 629 1990 dissensio,
663 1927 697 1978 ut
718 1917 780 1978 lere
803 1916 901 1978 omnia
926 1915 1043 1995 scripta,
1077 1933 1153 1994 quae
1181 1914 1235 1976 suh
1258 1912 1433 1974 Rhamnusii
1461 1911 1583 1974 nomine
1610 1912 1646 1972 ad
1674 1929 1729 1974 nus
1759 1921 1969 1991 pervenerunt,

263 2041 361 2094 utrum
397 2030 574 2111 Antiphonti
605 2047 641 2091 an
679 2029 726 2090 alii
760 2028 875 2090 cuidam
904 2027 1059 2090 tribuenda
1086 2027 1155 2098 sint,
1190 2025 1352 2098 dubitetur.
1397 2025 1449 2084 Est
1482 2033 1582 2086 autem
1617 2023 1688 2086 haec
1722 2024 1853 2104 quaestio
1887 2025 1969 2086 valde

260 2145 396 2208 intricata
420 2153 450 2206 et
465 2143 565 2205 multis
581 2141 803 2206 difficultatibus
818 2140 967 2222 impedita,
990 2141 1070 2220 quod
1087 2157 1148 2200 non
1166 2139 1264 2209 modo,
1292 2155 1367 2218 quae
1382 2138 1565 2214 grammatici
1581 2144 1611 2198 et
1625 2136 1762 2198 rhetores
1778 2135 1968 2216 superiorum

264 2268 433 2338 temporum
457 2258 492 2320 de
508 2255 698 2337 Antiphontis
722 2255 777 2316 uita
801 2272 835 2315 ac
856 2251 962 2315 studiis
984 2252 1144 2314 memoriae
1167 2251 1361 2320 tradiderunt,
1383 2249 1508 2311 obscura
1532 2268 1683 2330 paucaque
1705 2256 1786 2320 sunt,
1808 2249 1966 2312 sedetiam

264 2389 299 2433 ex
323 2369 425 2432 multis
448 2369 576 2448 scriptis,
612 2385 687 2445 quac
709 2367 745 2427 ab
768 2365 952 2446 Antiphonte
975 2365 1139 2446 composita
1169 2371 1249 2434 sunt,
1284 2361 1406 2425 minima
1435 2379 1503 2441 pars
1532 2361 1618 2424 nobis
1650 2373 1696 2423 est
1728 2371 1852 2424 seruata.
1895 2361 1968 2423 Post

265 2482 367 2545 Blassii
390 2499 501 2555 curam,
534 2480 583 2560 qui
607 2479 741 2542 omnium
765 2497 890 2559 operum
913 2478 1042 2550 nomina,
1077 2495 1152 2558 quae
1182 2477 1302 2554 quidem
1330 2475 1366 2536 ab
1392 2475 1457 2536 aliis
1486 2485 1717 2537 commemorata
1739 2484 1818 2546 sunt,
1853 2474 1967 2552 collegit

267 2594 478 2674 disposuitque,
501 2611 562 2654 uon
586 2601 640 2666 est,
664 2611 717 2655 cur
738 2609 802 2654 retu
826 2590 969 2654 hocloco
992 2588 1127 2670 pluribus
1150 2584 1334 2668 exponam).

415 2702 452 2764 Ut
475 2712 573 2766 autem
597 2702 772 2776 sententias,
795 2721 868 2782 quas
891 2721 986 2782 usqne
1009 2702 1045 2763 ad
1069 2702 1126 2763 hoc
1147 2711 1266 2782 tempus
1290 2699 1343 2762 riri
1365 2699 1443 2762 docti
1467 2699 1503 2760 de
1525 2698 1648 2760 aeremia
1673 2697 1858 2760 orationibus
1881 2697 1967 2758 Anti·

261 2816 399 2898 phonteis
422 2817 623 2897 protulerunt,
649 2817 748 2895 paucis
772 2816 868 2879 verbis
884 2815 1073 2895 complectar,
1098 2812 1317 2888 Ruhnkenius')
1342 2819 1372 2872 et
1386 2809 1600 2889 hlaetznerus⁸)
1615 2809 1791 2890 Antiphonti
1813 2809 1965 2872 omtionas

261 2930 325 2991 illas
349 2947 455 2990 omnes
478 2927 658 2991 addicendos
680 2947 747 2990 esse
769 2927 887 2990 disertis
909 2926 1005 2990 uerbis
1028 2925 1257 2998 contenderunt,
1292 2943 1360 2986 cum
1384 2923 1544 2988 nonnullae
1570 2941 1585 2982 a
1615 2922 1764 2986 veteribus
1787 2923 1964 3003 quibusdam

261 3041 473 3122 lexicograpbis
496 3040 672 3102 nominatim
695 3039 832 3112 ridentur,
855 3040 907 3102 sed
930 3037 1138 3115 Maetnnerus⁴l
1161 3036 1285 3116 primam
1308 3035 1432 3100 fortasse
1455 3035 1491 3098 ab
1513 3035 1662 3097 imitatore
1678 3035 1807 3114 quodam
1825 3035 1965 3114 scriptam

261 3173 326 3215 osso
349 3153 497 3226 concedit,
531 3171 620 3233 quiem
644 3152 833 3233 Antiphontis
856 3151 976 3230 uesbgia
1000 3151 1040 3213 ita
1062 3157 1251 3229 persecutum
1281 3165 1345 3208 esse
1372 3147 1485 3220 statuit,
1519 3156 1553 3209 ut
1585 3147 1648 3226 ipsa
1683 3146 1856 3219 similitudo,
1890 3165 1965 3226 quae

263 3266 426 3328 intercedat
447 3267 525 3328 inter
547 3265 681 3346 discipuli
704 3274 734 3326 et
756 3264 887 3342 magistri
910 3263 1069 3334 orationes,
1092 3260 1225 3322 homines
1250 3259 1429 3321 recentiores
1452 3260 1483 3320 in
1511 3279 1575 3321 eam
1599 3259 1773 3339 opinionem
1801 3259 1965 3334 adduxerit,

263 3387 296 3438 ut
317 3379 412 3440 eidem
437 3379 545 3440 oratori
567 3387 597 3440 et
620 3379 696 3440 hanc
718 3387 747 3440 et
775 3376 900 3456 reliquas
930 3375 1098 3436 tribuerent
1125 3373 1284 3436 orationes.
1330 3371 1462 3445 Quorum
1494 3373 1524 3432 in
1557 3391 1692 3444 numero,
1727 3373 1776 3452 qui
1799 3372 1964 3437 orationem

259 3491 386 3572 primam
409 3490 540 3570 spuriam
564 3509 627 3552 esse
649 3491 864 3563 iudicaverunt,
899 3487 978 3568 quod
1007 3487 1084 3549 illius
1111 3504 1257 3566 nusquam
1283 3485 1394 3548 mentio
1417 3486 1475 3556 liat,
1510 3485 1659 3548 celerandi
1688 3494 1761 3548 sunt
1783 3485 1964 3563 Lehnernslt

260 3611 290 3664 et
312 3603 534 3684 Spengeliua⁰);
556 3603 607 3665 sed
633 3603 680 3664 bio
702 3611 803 3684 postea
826 3601 995 3682 opinionem
1019 3618 1103 3662 suam
1128 3598 1265 3675 reiecit⁷),
1299 3616 1367 3659 cum
1390 3613 1539 3658 summam
1567 3597 1644 3659 inter
1672 3615 1735 3658 eam
1764 3605 1793 3658 et
1815 3596 1963 3658 orationes

262 3715 299 3776 de
320 3714 446 3778 Herodis
469 3715 558 3777 caede
580 3724 611 3775 et
633 3715 669 3776 de
692 3715 831 3778 saltatore
854 3713 967 3776 habitas
990 3711 1128 3773 dictionis
1149 3709 1373 3773 similitudinem
1397 3710 1539 3772 interesse
1562 3719 1720 3772 constaret.
1748 3707 1808 3795 Ab
1832 3707 1878 3768 his
1895 3709 1963 3770 viris

264 3827 512 3904 Schoemannus⁸)
536 3825 680 3898 dissentit,
714 3828 765 3907 qui
789 3827 948 3889 editionem
971 3823 1218 3887 hlaetznerianam
1240 3840 1399 3884 recensens
1429 3841 1491 3884 non
1524 3823 1611 3882 modo
1638 3820 1763 3900 primam
1794 3821 1845 3882 sed
1874 3821 1962 3882 etiam

263 3939 429 4019 tetralogias
450 3959 524 4020 quae
543 3948 686 4002 uocantur
701 3939 875 4020 Antiphonti
895 3937 1070 3999 abiudicavit
1086 3947 1174 4016 atque
1187 3935 1320 4016 quintam
1333 3945 1448 3997 tantum
1465 3946 1636 4014 sextamque
1652 3934 1801 3998 orationes
1816 3932 1962 4012 genuinas

261 4052 418 4114 arbitratus
442 4060 495 4113 ost.
540 4053 634 4126 eram
658 4052 836 4114 sententiam
860 4050 955 4112 obiter
978 4047 1203 4130 pronuntiatam
1227 4049 1314 4110 certis
1336 4048 1518 4126 argumentis
1535 4047 1711 4108 contirrnare
1732 4045 1886 4121 Pohliuslt,
1909 4046 1960 4126 qui

262 4165 299 4224 de
321 4171 405 4227 textu
428 4164 595 4226 orationum
619 4163 886 4244 Antiphontearum
908 4170 989 4224 recte
1011 4161 1220 4222 constituendo
1243 4159 1355 4240 optime
1378 4159 1504 4222 meritus
1520 4167 1574 4232 est,
1598 4177 1716 4221 summo
1731 4176 1822 4239 opere
1837 4159 1962 4220 studuit.

397 4417 480 4482 1tilio
499 4418 611 4470 attiscba
630 4415 829 4480 Beradsamhoit,
847 4413 953 4484 Leipzig
972 4415 1047 4481 1887,
1065 4411 1096 4478 1⁸,
1114 4429 1137 4480 p.
1159 4413 1207 4466 ton
1226 4428 1261 4480 sq.

396 4505 416 4568 ²)
435 4503 572 4556 dissertat.
591 4505 622 4557 de
642 4503 746 4570 Antiph.
766 4503 844 4566 bugd.
863 4501 964 4554 badar.
1002 4502 1068 4554 11611
1086 4499 1119 4552 ci.
1142 4500 1269 4566 haiahins,
1290 4500 1374 4552 tiratt
1393 4515 1478 4564 graec
1497 4507 1557 4552 tom.
1578 4498 1629 4562 Vll,
1647 4499 1790 4551 tto-830.

397 4591 417 4656 8)
436 4591 538 4659 Antipb.
559 4599 636 4644 oratt.
655 4591 741 4644 Barol.
761 4591 827 4643 1838
846 4587 926 4658 prael.
946 4588 988 4642 tv.

399 4679 418 4742 ⁴)
436 4677 469 4730 ci.
487 4677 566 4746 prasi.
587 4694 609 4745 p.
631 4681 660 4735 V.

397 4765 416 4829 l)
434 4765 594 4834 Philclcgica
613 4782 684 4820 cnra.
703 4766 819 4818 Monach.
841 4765 914 4818 1821.

396 4853 417 4915 ⁶)
435 4848 588 4922 Συναγωγὴ
605 4854 714 4922 τεχνῶν.
751 4853 846 4915 stuttg.
867 4851 932 4902 1828
953 4867 976 4918 p.
998 4849 1054 4903 118.

399 4939 418 5002 7)
439 4939 526 4990 libain.
545 4939 660 4992 Musanrn
681 4939 754 4991 1862.
774 4954 797 5005 p.
816 4939 863 4990 161
883 4938 956 4988 Anna.
975 4938 999 4988 3.

401 5027 421 5088 8)
442 5027 509 5078 herl.
527 5027 614 5079 Jahrb.
632 5024 674 5078 hir
692 5027 762 5077 wisa.
782 5021 869 5076 ttricit
889 5023 1002 5089 188911,
1022 5023 1081 5074 482.

399 5114 420 5178 a,
440 5113 487 5166 0„
506 5113 589 5166 Rp„
608 5115 653 5164 a„
671 5112 808 5179 altpt...
844 5112 922 5165 savo
944 5110 1018 5164 ooo.
1142 5067 1377 5193 457130
