4562 5568
1016 277 1221 340 ..19-

412 457 558 520 Omnibus
588 456 812 536 circumspectis
844 441 1095 538 consideratisque
1122 456 1177 520 bac
1198 455 1328 530 ratione,
1357 474 1414 538 qua
1442 456 1662 536 tetralogiarum
1693 464 1795 520 auctor
1817 476 1890 520 usus
1913 466 1968 533 est,

261 589 379 634 causam
408 589 462 651 pro
490 571 628 634 tribunali
660 571 778 633 tractari
808 587 868 632 non
895 571 1028 652 potuisse
1059 571 1213 631 latendum
1248 567 1333 630 uobis
1365 577 1410 629 ost
1437 585 1536 648 neque
1563 569 1641 632 banc
1662 567 1845 648 tetralogiam
1869 588 1884 631 a
1906 569 1968 630 rire

261 683 454 764 compositam
482 701 558 755 esse,
581 682 632 763 qui
655 700 712 744 usu
735 690 765 743 et
786 681 1003 747 consuetudine
1025 681 1137 744 lorensi
1160 690 1223 744 erat
1244 679 1387 742 imbutus.
1421 680 1562 743 Videmus
1585 688 1685 744 autam
1709 693 1860 747 auctorem
1876 691 1969 746 tetra-

260 795 353 875 logiae
384 805 593 874 argumentum
623 795 677 857 boc
701 795 790 856 modo
819 801 975 866 tractasse,
1002 793 1092 875 quod,
1121 791 1147 854 si
1174 792 1232 855 iam
1260 792 1373 874 pridem
1404 811 1559 856 serrorum
1590 793 1760 857 testimonia
1785 795 1967 875 protulisset,

260 927 376 972 causam
400 928 455 989 per
477 917 617 991 quattuor
641 909 789 972 crationes
813 908 929 970 trahere
953 923 1014 968 non
1035 914 1162 987 potarat,
1184 907 1236 968 sed
1253 907 1378 968 fortasse
1394 905 1508 968 duabus
1525 906 1571 968 vel
1586 905 1681 969 tribus
1699 914 1814 970 tantum
1832 909 1968 971 oratiun-

260 1022 333 1084 culis
356 1041 431 1103 opus
454 1030 531 1096 erat,
561 1040 638 1103 quae
666 1039 715 1082 res
743 1038 830 1101 saepe
859 1019 921 1081 lieri
949 1017 1066 1092 selita¹l
1095 1027 1196 1081 tamen
1219 1018 1312 1080 aliena
1335 1017 1393 1079 luit
1414 1035 1430 1079 a
1453 1017 1578 1080 consilio
1601 1019 1733 1081 auctoris
1756 1029 1967 1099 argumentum

259 1136 408 1215 quoddam
438 1153 492 1214 per
520 1141 660 1214 quattuor
691 1131 891 1194 oratiunculas
920 1131 1082 1211 disceptare
1110 1129 1253 1210 omnique
1282 1131 1370 1192 modo
1393 1139 1583 1212 pertractare.
1628 1131 1739 1195 Totum
1761 1132 1854 1213 igitur
1878 1133 1967 1197 buius

260 1247 430 1326 tetralogiae
452 1256 657 1326 argumentum
682 1245 757 1308 male
779 1245 935 1307 inventum
958 1262 1023 1306 esse
1044 1243 1112 1324 quis
1135 1251 1180 1304 est
1209 1242 1261 1324 qui
1283 1252 1379 1324 negm,
1415 1243 1597 1324 minimeque
1620 1253 1684 1307 erat
1706 1245 1864 1322 idoneum,
1888 1247 1968 1328 quod

260 1358 395 1440 discipuli
418 1358 650 1439 imitarenturi).

402 1473 600 1534 Transeamus
629 1488 711 1534 nune
737 1471 770 1532 ad
800 1469 920 1532 alterius
950 1467 1117 1548 tetralogiae
1148 1477 1358 1547 argumentum
1387 1468 1601 1549 explicandum.
1650 1469 1769 1533 lurenis
1792 1472 1911 1554 quidam
1935 1473 1967 1534 in

258 1585 411 1667 gymnasio
439 1585 591 1646 iaculando
615 1583 704 1646 alium
727 1583 759 1646 in
782 1591 953 1644 exercentes
976 1581 1180 1643 incurrentem
1203 1580 1457 1644 adulescentulum
1482 1581 1591 1644 infelici
1616 1582 1675 1645 ictu
1699 1583 1776 1645 ierit.
1822 1584 1888 1658 Quo
1912 1603 1967 1647 ex-

260 1699 369 1761 stincto
393 1708 476 1778 pater
509 1696 707 1760 adulescentis
737 1696 827 1758 eccisi
858 1694 985 1756 alterum
1016 1692 1047 1754 in
1071 1693 1118 1754 lus
1141 1700 1226 1754 vocat
1248 1693 1344 1756 caedis
1367 1693 1564 1757 involuntaria
1586 1695 1694 1768 iactae,
1725 1714 1802 1776 quac
1825 1695 1967 1775 agebatur

261 1812 290 1874 iu
313 1810 421 1874 iudicio
444 1807 523 1882 „dari
541 1805 754 1891 Haiiadlrp‘n
777 1809 825 1872 cui
848 1803 958 1889 ἄρχων
980 1801 1136 1888 βασιλεύς
1158 1805 1335 1887 praeerat⁸).
1372 1806 1402 1870 Si
1424 1815 1522 1870 autem
1545 1808 1611 1890 quis
1633 1825 1695 1870 non
1719 1808 1842 1871 oonsilio
1867 1809 1963 1872 bomi-

262 1943 330 1986 nem
353 1923 515 1996 occiderat,
546 1931 578 1986 ut
599 1923 783 2005 aliquantum
806 1919 949 2000 temporis
970 1918 1066 2001 patria
1088 1924 1213 1991 careret,
1235 1919 1283 1981 lex
1304 1928 1382 1992 erat;
1412 1919 1552 2000 quamdiu
1575 1919 1641 1983 talis
1665 1922 1755 1982 bomo
1779 1921 1871 2000 patria
1894 1921 1963 1984 abs-

262 2036 453 2110 tinebat,.ab
481 2036 562 2098 omni
597 2035 706 2098 iniuria
742 2032 954 2097 defendebatur
982 2032 1061 2112 lege,
1092 2050 1148 2094 nec
1180 2031 1255 2094 bona
1285 2033 1348 2095 eius
1380 2032 1648 2113 publicabantur⁴).
1701 2033 1806 2095 Utrum
1838 2034 1965 2097 omniuo

259 2150 381 2212 iuvenes
405 2157 500 2211 aetate
524 2149 656 2212 nondum
680 2149 777 2212 adulta
786 2148 810 2228 ι)
831 2148 864 2208 in
887 2146 932 2208 ius
956 2143 1051 2208 vocari
1073 2144 1235 2224 potuerint,
1259 2152 1360 2208 utrum
1384 2145 1505 2208 eaedem
1530 2147 1623 2226 leges,
1647 2165 1722 2228 quae
1745 2147 1781 2209 de
1803 2145 1872 2208 viris
1889 2164 1965 2208 oon-

259 2263 381 2325 stitutae
403 2271 496 2336 eraut,
519 2261 554 2324 ad
579 2261 645 2324 illos
669 2261 867 2342 pertinuerint
889 2277 927 2321 au
950 2257 990 2320 illi
1012 2257 1116 2339 poenis
1140 2255 1306 2320 minoribus
1330 2257 1435 2320 adiecti
1457 2258 1527 2331 sint,
1550 2276 1603 2340 pro
1620 2267 1700 2321 certo
1723 2258 1879 2321 adfirmare
1902 2277 1963 2321 non

260 2375 369 2448 ausim,
399 2392 467 2436 cum
490 2375 527 2436 de
550 2373 604 2436 bac
625 2392 657 2437 re
680 2373 793 2437 nubum
817 2370 1024 2434 testimonium
1046 2370 1230 2452 suppeditet;
1257 2373 1308 2434 sed
1336 2371 1397 2433 veri
1425 2371 1610 2435 simillimum
1643 2381 1702 2448 cst,
1731 2374 1812 2453 quod
1837 2372 1925 2434 esiam
1949 2392 1964 2434 a

260 2485 408 2562 Perlucet)
432 2506 556 2567 puerum
580 2486 723 2567 sacrilegii
746 2495 917 2548 accusatum
942 2503 1008 2546 esse
1024 2492 1173 2547 narratur.
1209 2484 1325 2546 luvenis
1340 2503 1356 2546 a
1372 2493 1455 2566 patre
1470 2484 1651 2560 defenditur,
1676 2487 1755 2566 quod
1772 2485 1828 2566 ipsi
1844 2505 1962 2547 causam

259 2619 345 2680 agere
367 2618 464 2662 coram
487 2598 633 2662 iudicibus
656 2619 691 2662 er
718 2599 782 2660 iure
805 2596 900 2658 Attico
931 2615 992 2659 non
1015 2606 1080 2659 erat
1106 2596 1328 2678 permissum).
1374 2595 1412 2659 Ut
1435 2604 1532 2660 autem
1561 2598 1638 2660 lilius
1670 2597 1848 2660 emulationis
1869 2616 1963 2678 poena

260 2713 417 2784 liberetur,
455 2721 537 2792 pater
570 2711 669 2774 subtili
703 2719 864 2791 argutaque
896 2709 1154 2788 argumentatione
1192 2718 1345 2773 mortuum
1383 2730 1415 2772 sa
1451 2710 1550 2791 ipsum
1589 2711 1774 2774 interfecisse
1812 2710 1963 2773 contendit

259 2823 402 2908 (pe-8,
425 2822 507 2904 d8);
533 2843 601 2888 nam
625 2843 692 2886 curn
716 2822 822 2884 liliolus
846 2822 937 2885 telum
961 2829 1043 2884 recto
1068 2841 1157 2885 cursu
1179 2823 1324 2898 emiserit,
1351 2823 1451 2885 caedis
1474 2822 1590 2904 culpam
1614 2823 1641 2886 ai
1663 2823 1877 2904 imponendam
1901 2839 1963 2885 non

260 2957 323 3001 csse
339 2936 375 3016 (β
392 2937 425 3024 3)
448 2937 489 3017 7).

401 3049 433 3110 ln
456 3049 585 3111 secunda
608 3048 743 3111 oratione
765 3047 902 3110 iuvenem
925 3047 957 3108 in
978 3047 1026 3108 ius
1044 3055 1178 3109 vocatum
1199 3065 1265 3110 esse
1281 3047 1317 3108 ab
1333 3056 1504 3110 accusatore
1519 3055 1774 3110 commemoratur
1789 3047 1865 3122 ideo,
1881 3048 1961 3129 quod

265 3163 308 3222 lex
328 3169 417 3236 vetet,
440 3178 478 3221 nc
502 3161 568 3240 quis
593 3169 643 3222 aut
665 3159 741 3222 iuste
763 3169 814 3222 aut
836 3158 947 3221 iniuste
969 3159 1120 3222 occidatur
1142 3159 1212 3240 (pte
1234 3154 1315 3242 μήτε
1338 3151 1463 3233 ἀδίκως
1477 3155 1559 3243 μήτε
1574 3158 1713 3234 δικαίως
1730 3153 1962 3236 ἀποκτείνειν).

268 3273 432 3354 Blassius⁸),
457 3273 541 3335 cuius
564 3273 696 3354 opinioni
719 3272 899 3334 llerrlicbius
923 3273 954 3350 (l.
971 3291 996 3334 c.
1012 3292 1042 3354 p.
1063 3272 1100 3332 ld
1116 3273 1190 3335 ddu.
1207 3273 1260 3349 83)
1283 3273 1421 3347 accessit,
1444 3274 1491 3337 illa
1514 3275 1584 3354 legis
1600 3275 1738 3349 formula,
1754 3294 1829 3355 quae
1844 3273 1962 3356 saepius

263 3386 292 3446 in
309 3385 469 3466 tetralogiis
485 3385 675 3462 inveniturlp,
699 3403 797 3466 neque
815 3385 1008 3448 voluntariam
1025 3403 1123 3466 neque
1143 3386 1371 3450 involuntariam
1393 3389 1512 3450 caedem
1529 3397 1647 3470 patrare
1670 3389 1714 3450 ias
1729 3387 1822 3450 fuisse
1838 3387 1961 3468 exprimi

260 3499 424 3562 contirmat.
462 3499 557 3579 Atque
573 3517 626 3578 ege
642 3497 762 3579 quidem
780 3498 857 3559 banc
872 3497 1046 3578 opinionem
1061 3516 1184 3580 sequ0r;
1208 3518 1276 3562 nam
1292 3499 1372 3562 ibam
1388 3501 1548 3564 lormulam
1565 3501 1787 3580 tetralogiarum
1804 3507 1959 3563 auctorem

259 3612 298 3672 ita
320 3611 450 3690 intellegi
473 3611 601 3673 voluisse
624 3611 759 3683 elucebit,
782 3608 962 3692 simulatque
984 3610 1098 3673 iustum
1121 3631 1221 3674 rerum
1244 3630 1355 3675 nerum
1379 3615 1630 3695 perspexerimus,
1652 3634 1687 3676 ex
1705 3613 1746 3676 eis
1761 3613 1868 3685 verbis,
1884 3632 1960 3693 quae

258 3725 351 3803 legem
375 3723 453 3785 illam
477 3723 717 3804 subsequuntur:
741 3722 830 3804 Bps
853 3717 983 3806 ἀμφοῖν
1005 3717 1189 3786 ἀπολύεται
1210 3733 1284 3788 τοῖν
1305 3723 1536 3808 ἐγκλημάτων,
1564 3721 1636 3810 μήτ’
1665 3722 1754 3790 ἄκων
1775 3721 1856 3809 μήτε
1879 3721 1961 3788 ἑκών

394 3969 415 4034 ¹)
433 3968 517 4021 ldeicr
533 3987 558 4020 u.
577 3969 725 4033 Sebiimaaa,
743 3969 795 4020 liar
811 3976 860 4020 att·
879 3968 995 4030 Pressas,
1014 3969 1052 4020 ad.
1072 3969 1175 4036 Lipsius
1193 3987 1216 4038 p.
1229 3968 1316 4038 stass.

394 4054 415 4117 ²)
433 4055 544 4108 Maxime
563 4056 698 4107 dolendum
716 4063 757 4107 eat
775 4055 870 4124 Lpaiaa
889 4056 1028 4108 orationem
1047 4064 1136 4108 eontra
1149 4054 1268 4108 lliciuam
1287 4057 1410 4126 scriptam
1428 4065 1543 4110 nestram
1561 4064 1672 4110 aetatem
1691 4075 1739 4108 uon
1759 4057 1836 4124 lacre,
1854 4072 1888 4108 ex
1905 4073 1961 4123 qua,

260 4160 315 4196 curn
336 4145 366 4194 da
385 4143 465 4194 simili
483 4149 632 4210 argumento
651 4149 780 4207 ageretur,
798 4159 845 4208 qno
865 4143 937 4192 modo
951 4142 1012 4194 talis
1025 4158 1101 4194 eausa
1114 4158 1199 4194 earam
1212 4143 1341 4197 iudicibus
1359 4145 1517 4197 instituenda
1536 4152 1614 4210 essct,
1633 4144 1746 4196 dilucide
1763 4144 1835 4196 carni
1853 4151 1961 4212 poterat.

260 4230 292 4282 cl.
312 4229 445 4298 hypothes.
459 4237 519 4282 teta.
534 4228 551 4280 l.

395 4315 416 4381 3)
434 4316 517 4368 Maior
535 4331 559 4366 u.
578 4315 727 4379 Scbdmann,
745 4314 796 4365 liar
814 4320 861 4366 att.
882 4314 999 4380 Proaaaa,
1017 4315 1056 4366 cd.
1075 4314 1179 4382 Lipsius
1196 4331 1220 4382 p.
1234 4316 1291 4370 174.

393 4403 414 4467 ⁴)
432 4402 553 4470 Philippi,
572 4401 622 4453 liar
641 4400 759 4466 Areopag
777 4417 801 4452 u.
820 4401 862 4452 dic
881 4399 1007 4467 Eriboten,
1024 4419 1048 4468 p.
1063 4402 1096 4453 27
1115 4403 1178 4454 Adra.

394 4491 414 4546 *i
433 4489 500 4540 Reus
517 4485 658 4558 μειράκιον
677 4489 821 4539 nominatur
840 4504 888 4537 uon
908 4489 979 4538 modo
997 4505 1012 4539 a
1030 4497 1103 4555 patre
1121 4497 1230 4556 patrone
1257 4490 1323 4555 lss33
1336 4492 1363 4553 ὃς
1378 4491 1406 4554 ⁷3
1425 4487 1486 4554 at;
1499 4491 1527 4554 ὃς
1542 4491 1569 4554 8)
1591 4490 1634 4540 aad
1658 4490 1735 4542 etiam
1757 4489 1789 4541 ab
1813 4495 1963 4540 accusatore
1988 4516 1990 4521 ·

261 4581 288 4642 (a
304 4579 331 4640 13
348 4575 659 4644 7⁵3931031¹l3t⁹11
684 4581 792 4625 vocatur
814 4569 918 4639 νήπιος,
937 4570 982 4625 dd
1005 4577 1154 4641 νεανίσκος,
1179 4577 1224 4643 dd
1243 4564 1308 4640 υἱός,
1325 4577 1386 4642 ,912
1409 4579 1481 4634 παῖς.
1519 4575 1584 4627 Puer
1610 4584 1695 4628 autem
1721 4583 1837 4628 mortuus
1864 4589 1963 4641 semper

261 4666 326 4722 παῖς
343 4663 467 4715 vocabulo
487 4661 644 4728 designatur.
679 4659 767 4727 ltaque
780 4661 848 4724 illes
867 4677 961 4728 pueros
979 4649 1062 4727 togam
1082 4664 1183 4715 virilem
1208 4665 1316 4714 nendum
1339 4663 1478 4730 sumpsisse
1501 4664 1661 4715 statuendum
1684 4669 1732 4716 est.
1770 4664 1804 4715 lle
1824 4661 1962 4715 verborum

260 4741 402 4824 μειράκιον
419 4756 445 4801 at
462 4751 529 4805 παῖς
547 4747 691 4800 differentia
711 4749 765 4813 egit
784 4748 888 4812 llellier,
906 4747 955 4799 llas
974 4750 1057 4800 athen.
1079 4748 1267 4802 Garicbtsvarl.
1287 4767 1311 4817 p.
1325 4751 1365 4802 id.

396 4835 418 4900 θ)
437 4835 525 4887 Onam.
539 4833 583 4898 lX,
596 4835 637 4885 il.

398 4923 418 4989 τ)
438 4923 518 4974 Maior
536 4939 559 4972 u.
580 4922 727 4990 Sabinam,
747 4923 797 4973 liar
815 4930 861 4974 att.
882 4921 998 4986 Pronoea,
1017 4923 1056 4974 cd.
1076 4922 1180 4988 Lipsius
1194 4940 1216 4991 p.
1231 4923 1290 4975 ros.

398 5009 419 5076 8)
438 5009 484 5060 uta
502 5015 549 5061 att.
570 5009 670 5060 Berads.
690 5008 728 5074 1¹,
741 5025 765 5076 p.
781 5010 829 5062 164
842 5009 906 5060 Adu.
917 5009 939 5060 3.

398 5094 527 5164 ltBrlr
546 5093 694 5162 magas.
