4562 5568
1049 279 1266 344 ..20-

303 453 519 522 ἄποκτελνειν.
565 458 650 530 Quod
680 457 809 520 Dlasaius
838 457 914 518 illam
940 459 1010 537 lepis
1033 457 1192 520 formulam
1216 437 1247 519 in
1271 458 1344 522 iuris
1365 458 1454 522 stater
1477 457 1577 520 codice
1599 459 1730 539 reperire
1753 461 1851 540 priore
1874 467 2010 541 tempore

304 572 477 650 coniecit1),
504 571 603 634 nullus
626 571 701 633 alius
725 569 960 652 deprehenditur
982 572 1079 644 locus,
1112 589 1171 651 quo
1198 571 1246 634 illa
1276 573 1421 634 sententia
1449 569 1670 652 comprobetur.
1718 573 1797 646 Quin
1825 573 1915 634 etiam
1936 589 2011 634 ocn-

304 687 411 748 sociari
435 702 494 746 non
518 693 617 765 potest
639 703 706 746 curn
730 683 853 765 legibus,
876 703 929 766 per
952 701 1024 765 quaa
1047 684 1169 764 impune
1192 692 1322 746 mortem
1346 685 1457 748 inferre
1478 683 1585 746 licebat
1605 684 1785 758 bominibus,
1810 685 1859 766 qui
1876 685 1906 747 in
1922 687 2010 747 certia

309 799 486 880 quibusdam
510 797 675 860 facinorum
699 797 860 877 generibus
885 797 1187 878 deprehenderentur,
1211 815 1287 879 quae
1310 798 1345 860 ad
1368 792 1473 881 φόνον
1486 793 1621 860 δίκαιον
1635 797 1834 878 pertinebant.
1872 798 1914 860 Ex
1929 797 2010 860 omni

307 919 405 976 autem
429 912 599 991 tetralcgiae
623 911 772 973 secundae
795 920 900 973 natura
924 917 954 970 et
975 907 1161 971 institutione
1188 917 1340 974 auctorem
1368 910 1521 990 ignorasse
1549 927 1724 992 persuasum
1758 909 1866 985 habeo,
1893 911 2011 991 quando

307 1045 340 1086 ex
372 1025 438 1086 inre
464 1024 560 1086 Attico
587 1023 710 1104 impune
739 1043 843 1086 nccare
869 1039 1044 1085 concessum
1072 1031 1158 1084 asset
1212 1023 1384 1086 Invenimus
1411 1023 1490 1086 enim
1521 1023 1552 1085 in
1581 1022 1788 1087 Demosthenis
1816 1023 1951 1086 oratione
1980 1023 2011 1086 iu

308 1138 516 1200 Aristocratem
541 1135 640 1199 habita
663 1138 767 1199 haecce
790 1135 862 1215 legis
885 1143 1040 1216 praecepta
1063 1138 1093 1212 (ς
1110 1133 1174 1215 53);
1204 1125 1248 1198 ἄν
1275 1157 1325 1209 τις
1348 1127 1384 1198 ἄν
1405 1132 1527 1208 ἄθλοις
1550 1130 1729 1217 ἀποκτείνῃ
1752 1133 1829 1197 τινὰ
1852 1130 1968 1215 (ἄκων,
1990 1155 2009 1218 ρ

308 1249 343 1314 ἐν
365 1245 433 1334 ὁδῷ
454 1247 623 1329 καθελών)
647 1245 666 1331 ἢ
689 1246 725 1311 ἐν
747 1246 883 1331 πολέμῳ
906 1242 1081 1330 ἀγνοήσας,
1103 1243 1124 1330 ἢ
1145 1245 1203 1310 ἐπὶ
1226 1243 1370 1332 δάμαρτι
1397 1238 1420 1331 ἢ
1441 1245 1499 1310 ἐπλ
1521 1244 1621 1332 μητρλ
1643 1243 1663 1331 ἢ
1685 1245 1737 1310 ἐπ’
1761 1243 1889 1335 ἀδελφῇ
1911 1245 1931 1332 ἢ
1954 1245 2012 1310 trel

308 1360 462 1443 θυγατρὶ,
486 1359 505 1444 ἢ
528 1359 587 1424 ἐπὶ
611 1357 773 1450 παλλακῇ,
797 1355 836 1444 ἣν
858 1355 900 1423 ἄν
922 1356 975 1423 ἐπ’
998 1354 1188 1441 ἐλευθέροις
1211 1359 1330 1424 παισὶν
1352 1357 1421 1444 ἔχῃ,
1445 1356 1570 1424 τούτων
1592 1362 1687 1424 ἕνεκα
1708 1358 1752 1443 μὴ
1768 1357 1905 1444 φεύγειν
1926 1363 2014 1423 κτεί-

308 1475 452 1555 rrzm').
491 1477 554 1549 Qua
579 1475 640 1555 lege
663 1475 696 1548 ia,
719 1477 771 1555 qni
794 1475 823 1536 in
848 1474 991 1554 palaestra
1013 1473 1163 1553 quendam
1186 1493 1256 1537 casn
1279 1474 1387 1537 infelici
1410 1474 1580 1536 inconsulto
1596 1473 1795 1545 interiecerat,
1817 1473 1914 1536 caedis
1930 1473 2014 1553 culpa

312 1589 482 1651 absolvitur.
516 1587 568 1649 lllo
591 1596 688 1650 autem
704 1587 845 1648 vocabulo
862 1581 984 1658 ἄθλοις
999 1585 1156 1665 significari
1173 1602 1234 1648 non
1250 1587 1346 1649 solum
1364 1587 1448 1649 ludos
1464 1586 1598 1668 publicos
1614 1587 1664 1648 sed
1682 1586 1770 1648 etiam
1787 1587 2014 1648 exercitationes

311 1704 343 1765 in
366 1701 520 1782 gymnasio
542 1701 646 1776 iactes,
674 1699 784 1782 quippe
812 1717 887 1780 quae
911 1715 962 1760 eos
986 1698 1204 1779 praecederent,
1227 1714 1287 1760 non
1310 1706 1365 1773 est,
1387 1717 1441 1762 cur
1463 1699 1642 1762 dubitemus.
1687 1699 1904 1762 Firmissimum
1927 1717 2014 1780 argu·

312 1822 461 1887 mentum,
492 1832 551 1894 quo
580 1814 805 1875 demonstratur
831 1812 910 1874 illam
940 1811 1185 1890 significationem
1214 1811 1246 1872 in
1273 1810 1363 1874 verbo
1385 1807 1508 1885 ἄθλοις
1537 1811 1653 1883 inesse,
1684 1830 1719 1872 ex
1742 1811 1872 1872 Platonis
1901 1811 2015 1891 legibus

315 1945 451 2009 promere
474 1944 649 2006 possumus,
678 1926 728 2005 qui
752 1923 876 1986 eandem
900 1925 994 2002 legem
1018 1941 1256 1986 commemorans
1278 1923 1441 1987 accuratius
1465 1924 1546 1987 addit
1567 1925 1618 2004 (de
1640 1925 1695 2003 leg.
1713 1923 1834 2004 865h)÷
1858 1924 1889 1986 el
1908 1945 1959 1996 τις
1981 1919 2017 1986 ἐν

312 2035 418 2117 ἄγῶσι
440 2037 496 2100 καὶ
519 2034 642 2111 ἄθλοις
665 2035 839 2120 δημοσίοις
862 2032 950 2098 ἄκων
966 2080 1072 2098 .....
1095 2031 1275 2099 ἀπέκτεινε.
1320 2037 1460 2110 Quamvis
1482 2037 1555 2100 baec
1584 2037 1623 2099 ita
1651 2057 1717 2100 sese
1744 2037 1888 2108 habeant,
1916 2046 2016 2098 tamen
2055 2105 2056 2108 ς

314 2153 399 2215 multi
422 2152 514 2214 multa
537 2151 650 2232 opinati
671 2157 722 2212 aut
745 2149 878 2212 hariolati
902 2159 975 2210 sunt
996 2156 1084 2229 atque
1108 2167 1258 2229 perversas
1282 2151 1318 2212 de
1341 2150 1395 2211 hac
1410 2169 1441 2212 rc
1456 2151 1621 2214 sententias
1636 2159 1883 2231 propagaverunt.
1918 2151 2013 2232 Spen-

313 2265 437 2346 geliusi)
461 2264 620 2336 enim,'cui
643 2280 738 2342 nuper
759 2263 846 2325 etiam
871 2261 1026 2341 Dothius⁴)
1049 2262 1241 2346 adstipulatus
1264 2272 1325 2336 est,
1356 2281 1391 2324 ex
1413 2263 1602 2345 Antiphontis
1625 2263 1783 2342 tehalogiis
1808 2281 1925 2325 summa
1948 2281 2016 2324 cum

314 2377 527 2459 perspicuitate
549 2376 628 2438 cerni
650 2374 785 2438 iudicavit
808 2375 862 2436 illis
878 2375 1070 2455 temporibus,
1094 2373 1203 2456 quibus
1219 2375 1347 2456 Antipho
1368 2376 1535 2457 eloquentia
1557 2376 1667 2446 floruit,
1691 2393 1742 2437 eos
1769 2375 1857 2438 exilio
1874 2375 2015 2438 multatos

315 2511 388 2565 esse,
412 2489 517 2571 quiin
540 2489 683 2568 palaestra
708 2505 775 2550 casu
799 2489 926 2568 quodam
950 2487 1144 2550 involuntarie
1168 2488 1257 2551 alium
1282 2488 1475 2562 censuissent,
1498 2497 1602 2569 postea
1616 2497 1714 2550 autern
1732 2487 1939 2551 Demosthenis
1954 2487 2017 2550 fere

315 2613 409 2666 aetate
432 2602 462 2664 io
486 2601 571 2664 aliam
595 2600 741 2682 quandam
765 2604 891 2662 formam
915 2599 986 2661 illud
1009 2600 1082 2680 legis
1105 2610 1294 2681 praeceptum
1317 2601 1469 2664 redactum
1493 2609 1523 2664 et
1544 2619 1639 2682 usque
1661 2601 1734 2663 adeo
1756 2601 1919 2682 mitigatum
1942 2619 2018 2675 asse,

318 2725 349 2778 ut
372 2717 471 2790 bomo,
495 2715 544 2796 qui
567 2713 645 2777 illins
669 2713 808 2776 facinoris
831 2713 995 2794 postulatus
1019 2721 1105 2784 esset,
1129 2731 1251 2793 prorsus
1275 2714 1377 2796 culpae
1399 2731 1506 2794 expers
1529 2714 1635 2776 ductus
1651 2713 1832 2776 liberaretur.
1866 2714 2017 2787 Quantum

317 2838 416 2891 autem
442 2829 471 2888 in
498 2845 629 2889 errorem
652 2826 827 2908 Spengelius
855 2825 956 2906 eique,
986 2826 1035 2906 qui
1064 2826 1127 2888 eius
1154 2827 1333 2889 sententiam
1362 2827 1508 2908 compleri
1538 2837 1623 2899 sunt,
1656 2827 1828 2898 inciderint,
1861 2827 1946 2888 facile
1975 2834 2019 2888 est

319 2942 454 3021 cognitu,
485 2939 627 3021 quoniam
656 2958 717 3001 non
740 2937 946 3000 Demosthenis
976 2939 1097 3001 demum
1125 2948 1219 3001 aetate
1249 2940 1300 3002 scd
1328 2939 1385 3002 iam
1414 2950 1501 3001 antea
1527 2939 1605 3002 hanc
1638 2943 1732 3021 legem
1757 2939 1880 3004 valuisse
1902 2955 2018 3002 summa

321 3073 388 3116 cunr
411 3052 614 3133 probabilitate
636 3052 816 3115 constituere
840 3069 1009 3132 possumus.
1054 3052 1205 3114 Platonem
1231 3051 1310 3114 enim
1334 3052 1365 3114 in
1387 3053 1471 3126 libro,
1494 3055 1603 3134 quide
1626 3053 1738 3132 legibus
1761 3053 1943 3133 compositus
1966 3061 2019 3125 est,

321 3167 454 3231 eiusdem
483 3165 554 3245 legis
583 3165 764 3230 mentionem
793 3165 898 3228 iecisse
925 3165 982 3227 iam
1011 3181 1099 3244 supra
1131 3165 1441 3228 commemoravimus.
1486 3166 1671 3246 Quamquam
1694 3165 1823 3228 Platonis
1851 3165 1928 3244 leges
1960 3181 2020 3226 non

321 3281 359 3342 ita
384 3279 510 3342 mullum
535 3278 629 3341 valent
651 3279 687 3340 ad
710 3297 744 3340 aa
766 3278 865 3358 legum
889 3277 1050 3340 Atticarum
1074 3286 1243 3358 praecepta,
1273 3297 1349 3359 quae
1377 3279 1484 3342 cotidie
1506 3279 1539 3341 in
1562 3279 1669 3341 iudicio
1697 3279 1931 3360 usurpabantur,
1960 3287 2020 3340 sta-

322 3393 460 3463 bilienda,
483 3411 551 3454 cum
574 3392 656 3454 illum
680 3391 889 3473 philosophum
914 3391 1021 3453 mullas
1042 3391 1163 3472 quidem
1187 3391 1267 3470 leges
1291 3410 1326 3453 cx
1348 3391 1421 3454 iuris
1437 3392 1522 3454 httici
1546 3393 1646 3456 codice
1668 3391 1880 3472 desumpsisse,
1916 3391 2018 3454 multra

322 3515 420 3568 aulem
444 3505 542 3586 ipsum
565 3505 682 3586 ingenio
705 3523 758 3566 suo
782 3505 931 3566 invenisse
955 3504 1144 3566 manifestum
1167 3503 1215 3574 sit,
1238 3513 1337 3566 mmcn
1361 3505 1436 3567 hanc
1457 3504 1552 3584 legem
1568 3524 1585 3566 e
1600 3504 1741 3566 Draconis
1764 3504 1928 3584 praeceptis
1951 3519 2014 3564 eum

324 3620 458 3681 hausisse
481 3617 614 3699 pluribus
637 3635 829 3698 exponemus.
872 3617 1083 3678 Demosthenes
1107 3615 1196 3689 enim,
1220 3617 1270 3697 qui
1293 3617 1325 3678 in
1340 3617 1538 3679 Aristocrates
1561 3619 1592 3692 (t
1607 3617 1660 3695 51)
1678 3617 1712 3678 ad
1728 3616 1808 3696 leges
1823 3616 1859 3679 de
1874 3614 2019 3678 homicida

324 3732 396 3794 latas
420 3730 533 3804 transit,
557 3749 669 3802 omnes,
693 3731 723 3792 in
746 3747 871 3808 quarum
895 3729 1208 3792 commemorationem
1233 3729 1344 3802 incidit,
1368 3729 1533 3793 aDracone
1555 3729 1748 3811 praescriptas
1771 3747 1836 3794 esse
1859 3729 1903 3791 his
1926 3727 2023 3790 verbis

323 3845 455 3908 dilucide·
471 3843 684 3925 pronuntiarit:
709 3837 727 3906 ἄ
749 3841 810 3926 μὲν
831 3839 931 3924 νόμος
954 3839 1045 3906 ἐστὶν
1068 3833 1162 3915 οὗτος
1179 3838 1379 3925 Δράκοντος,
1404 3835 1429 3904 ἄ
1452 3838 1568 3924 ἄνδρες
1578 3836 1770 3927 Ἀθηναῖοι,
1794 3840 1849 3904 καλ
1865 3837 1898 3905 oi
1914 3837 2023 3913 ἄλλοι,

326 3951 423 4030 ὅσους
446 3953 480 4018 ἐκ
502 3955 567 4019 τῶν
589 3953 738 4039 φονικῶν
760 3950 870 4036 νόμων
893 3950 1170 4038 παρεγραψάμην.
1208 3956 1439 4037 Spengaliumne
1462 3955 1593 4036 aliosque
1614 3955 1686 4019 haec
1709 3929 1806 4028 rerba,
1827 3955 1935 4037 quibus
1951 3953 2024 4015 nihil

325 4069 492 4132 distinctius
515 4070 641 4149 prolerri
664 4077 770 4150 potest,
804 4069 891 4150 plane
914 4067 1056 4146 lingerent
1077 4085 1114 4130 an
1137 4075 1285 4130 oratorem
1309 4077 1421 4130 lemare
1443 4068 1518 4131 hanc
1547 4087 1649 4131 vocem
1683 4068 1810 4131 edidisse
1844 4077 1873 4131 et
1901 4071 2025 4129 tortasse

325 4182 465 4246 Draconis
495 4183 623 4244 nominis
655 4181 934 4245 commemoratione
961 4181 1125 4260 significare
1152 4182 1279 4244 voluisse
1305 4192 1485 4264 putaverunt
1511 4183 1619 4263 legem,
1648 4184 1685 4244 de
1714 4202 1771 4262 qua
1794 4182 1883 4245 modo
1906 4177 2025 4261 copiose

325 4297 440 4358 locutus
465 4303 519 4364 est,
543 4295 627 4376 paulo
652 4295 830 4356 severiorem
854 4313 919 4357 esse
942 4303 970 4356 ct
993 4295 1184 4358 crudeliorem
1208 4314 1295 4376 quam
1319 4314 1395 4377 quae
1416 4295 1452 4357 ab
1468 4296 1645 4361 Aristocrate
1668 4296 1724 4359 lata
1747 4292 1832 4359 erati
1869 4295 1906 4356 st
1927 4297 2026 4354 orator

326 4409 388 4488 ipse
411 4406 479 4469 huic
501 4407 631 4488 opinioni
655 4407 828 4470 adversatur
856 4407 965 4490 ubique
989 4409 1220 4471 Dracontearum
1248 4409 1347 4488 legum
1375 4409 1526 4474 lenitatem
1553 4417 1582 4472 et
1608 4409 1747 4473 iustitiam
1778 4407 1928 4470 celebrans
1955 4420 2026 4485 prae

326 4518 514 4583 Aristocratei
538 4518 745 4601 psephismatis
766 4520 931 4600 asperitate.
977 4521 1129 4584 Praeterea
1159 4539 1221 4583 non
1252 4521 1340 4584 modo
1368 4541 1383 4584 a
1407 4523 1603 4586 Demosthene
1625 4523 1677 4584 sed
1701 4520 1788 4584 eliam
1811 4518 1847 4581 ab
1871 4519 1934 4582 aliis
1957 4533 2026 4580 ore·

325 4632 442 4695 toribus
466 4632 562 4710 legum
587 4631 755 4712 capitalium
778 4633 948 4714 saepissime
971 4633 1155 4696 mentionem
1178 4634 1248 4697 lieri
1263 4633 1363 4698 addito
1386 4635 1539 4717 scriptoria
1568 4635 1689 4698 nomine
1711 4633 1770 4696 iam
1791 4649 1880 4713 supra
1903 4633 2027 4696 demon·

464 4851 485 4913 1)
504 4851 549 4902 Die
567 4857 614 4902 att.
634 4851 793 4905 Deredsamk.
812 4851 892 4915 l,1tr
908 4851 972 4904 hdr.

458 4937 480 5002 λ)
498 4937 581 4990 Verba
599 4943 671 4988 nocie
688 4938 787 4991 inclusa
806 4941 832 4992 in
870 4941 982 4992 oratoris
999 4947 1075 4993 textu
1092 4955 1139 4990 oon
1158 4941 1284 5005 leguntur.

459 5025 481 5088 ³)
500 5023 588 5076 fluctu.
608 5024 721 5076 Muscam
742 5027 772 5077 ll
784 5044 807 5094 p.
821 5029 878 5082 161.

465 5111 486 5180 ⁴)
507 5111 541 5162 Dc
561 5111 663 5180 Antipb.
684 5115 769 5165 tetral.
789 5131 811 5182 p.
826 5115 850 5167 8.
