4562 5568
1088 282 1307 346 ..24-

349 479 526 559 ἀκουσίους
547 484 657 558 αἰτίας
680 471 831 568 diemo.
876 485 976 547 4τοό
999 481 1037 547 δὲ
1059 482 1183 561 παιδός
1204 481 1271 551 ἀπό
1300 485 1358 570 τὴν
1391 487 1449 552 τοῦ
1472 483 1625 550 ἀκοντίου
1659 484 1767 569 φορὰν
1800 478 2052 565 ὑποδραμόντος

348 595 405 660 καί
426 594 464 660 τό
488 596 584 680 σῶμα
606 594 855 681 προστήσαντος
877 588 895 660 ό
917 594 979 678 μέν
999 594 1189 682 διεκωλύθη
1211 599 1271 662 τοῦ
1293 601 1422 663 σκοποῦ
1451 609 1574 678 τυχεῖν,
1609 594 1627 663 ό
1657 596 1694 662 δὲ
1726 593 1794 661 όπό
1827 595 1864 659 τό
1899 591 2053 659 ἀκόντιον

349 702 509 772 ἀπελθόν
531 706 672 792 ἐβλήθη,
696 707 752 770 καλ
775 707 835 793 τήν
856 709 969 773 αίτίαν
992 706 1051 790 οὐχ
1073 706 1233 794 ἡμετέραν
1255 698 1361 776 αἶσαν
1383 710 1590 794 προσέβαλεν
1612 707 1701 795 ἡμῖν.
1747 711 1820 774 liam
1852 712 1876 774 si
1906 720 2047 792 patronus

350 821 494 884 iudicibus
516 821 695 903 persuadere
717 822 747 883 in
771 822 903 884 animum
927 823 1090 886 induxisset
1113 824 1204 887 lilium
1227 825 1307 888 nulla
1331 823 1505 886 temeritatis
1527 825 1699 905 suspicione
1715 824 1821 896 teneri,
1845 824 1900 887 bac
1920 842 1952 886 re
1968 825 2049 886 iilum

348 953 452 1015 reapse
479 934 597 997 caedem
628 951 753 1012 eamque
785 934 1012 998 involuntariam
1046 937 1228 1000 commisisse
1261 953 1458 1000 concessurus
1492 937 1591 1010 fuerit,
1627 938 1688 1012 sed,
1724 945 1756 1000 ut
1790 955 1879 1017 supra
1913 937 2051 1008 vidimus,

350 1046 488 1110 defensor
511 1046 583 1108 nibil
605 1047 756 1128 antiquius
778 1046 888 1120 habuit,
913 1065 1000 1128 quarn
1025 1056 1057 1109 ut
1079 1048 1216 1110 invenem
1241 1067 1339 1130 neque
1362 1048 1554 1110 voluntariam
1572 1067 1669 1128 neque
1690 1048 1915 1111 involuntariam
1932 1049 2049 1112 caedem

348 1168 478 1241 patrasse
500 1158 669 1240 sophisticis
692 1159 805 1222 artibus
828 1160 1047 1222 demonstraret
1069 1160 1136 1241 (Ββ
1151 1159 1192 1241 9).
1240 1163 1336 1239 itque
1364 1159 1442 1222 aliud
1473 1160 1678 1222 iirmissimum
1707 1171 1915 1240 argumentum
1944 1160 2051 1232 bahem

350 1273 505 1336 Herrlicbii
528 1271 675 1336 sententia
698 1273 721 1334 si
745 1291 832 1353 qnam
856 1273 988 1337 veritatis
1014 1273 1143 1353 speciem
1174 1291 1245 1354 prae
1274 1291 1306 1335 se
1333 1272 1433 1346 ferret,
1464 1283 1497 1336 ut
1520 1273 1718 1336 temeritatem
1748 1274 1969 1336 adulescentulo
1997 1275 2052 1335 tri-

351 1385 499 1448 buendam
523 1403 588 1448 esse
611 1385 874 1460 demonstraretur,
896 1385 1042 1467 imprimis
1059 1385 1259 1448 necessarium
1283 1396 1354 1458 erat,
1370 1387 1426 1448 loci
1441 1395 1590 1460 naturam,
1614 1405 1673 1467 quo
1690 1387 1793 1448 caedes
1809 1395 1871 1448 erat
1886 1387 2052 1455 commissa,

350 1497 514 1561 accuratius
536 1495 682 1559 iudicibus
705 1497 862 1578 explanari,
897 1507 930 1560 ut
952 1499 999 1560 cui
1026 1497 1109 1578 culpa
1133 1498 1329 1580 impertienda
1356 1509 1435 1562 esset
1460 1501 1578 1580 integre
1607 1500 1771 1580 disceptare
1803 1508 1933 1580 possent.
1977 1497 2055 1560 ilaec

351 1619 450 1672 autern
472 1628 522 1706 ses
544 1609 669 1672 strictim
695 1611 901 1672 tantummodo
925 1620 953 1672 et
975 1610 1060 1690 qussi
1081 1611 1113 1672 io
1135 1619 1309 1674 transcursu
1332 1613 1462 1692 tangitur
1484 1613 1527 1674 bis
1545 1610 1660 1674 verbis:
1688 1613 1772 1692 Ββί
1797 1611 1827 1673 ιλ
1849 1610 1910 1691 μὲν
1931 1608 1994 1689 γὰρ
2016 1607 2055 1672 τό

350 1717 503 1785 ἀκόντιον
525 1718 586 1794 ἔξω
601 1722 666 1785 τόν
687 1715 774 1804 ὅρων
793 1724 851 1806 τῆς
872 1715 973 1786 αὑτοῦ
997 1723 1134 1805 πορείας
1156 1720 1214 1785 ἐπὶ
1237 1721 1295 1787 τόν
1317 1721 1427 1787 παίδα
1449 1722 1622 1804 ἐξενεχθὲν
1644 1721 1785 1803 ἔτρωσεν
1808 1719 1923 1797 αιῖτόν,
1940 1715 2052 1794 οὐδεὶς

350 1829 430 1917 ἡμῖν
451 1825 548 1913 λόγος
570 1829 768 1898 ἀπελείπετο
790 1835 836 1920 μὴ
858 1834 979 1920 φονεὺς
1001 1836 1099 1899 είναι.
1142 1835 1337 1899 Testimoniis
1367 1838 1459 1900 allatis
1483 1839 1572 1900 huius
1599 1838 1680 1900 vocis
1708 1837 1814 1898 veritas
1846 1845 1875 1898 et
1901 1833 2054 1914 integritas

352 1966 412 2010 uon
434 1947 580 2010 firmator.
625 1947 778 2010 Praeterea
800 1948 824 2008 si
847 1967 880 2010 re
903 1967 970 2010 uera
994 1948 1028 2020 is,
1061 1948 1113 2029 qui
1137 1949 1318 2028 neglegentia
1341 1950 1459 2012 caedem
1485 1951 1619 2030 patravit,
1655 1949 1766 2012 maiore
1792 1965 1888 2029 poena
1919 1948 2054 2010 adiectus

351 2067 439 2134 esset,
461 2059 564 2140 quidni
587 2060 777 2141 paedotribae
799 2060 956 2123 maximam
978 2059 1076 2124 caedis
1098 2069 1213 2140 partem
1236 2061 1447 2144 imponendam
1470 2083 1537 2126 esse
1561 2071 1704 2145 patronus
1727 2081 1845 2124 summo
1866 2062 1966 2124 studio
1981 2079 2055 2122 oon·

350 2172 487 2246 mouerit,
521 2173 600 2253 quod
625 2173 688 2235 eins
711 2173 877 2236 temeritate
906 2191 981 2254 puer
1008 2193 1043 2234 es
1070 2173 1239 2235 iactantium
1269 2175 1373 2237 ordine
1408 2177 1631 2257 praecurrisset,
1664 2185 1698 2238 ut
1732 2176 1808 2237 illius
1842 2175 1925 2238 iussu
1962 2174 2053 2237 telum

349 2287 527 2367 adportaret,
549 2285 619 2348 dum
643 2285 715 2348 alter
737 2286 851 2348 iuvenis
873 2286 1000 2348 iaculum
1024 2285 1188 2348 emitteret:
1222 2286 1310 2364 Byli
1336 2285 1373 2350 έν
1399 2281 1504 2372 τοότῳ
1531 2289 1577 2368 τῷ
1611 2288 1716 2372 καιρῷ
1748 2285 1951 2370 καλούμενος
1983 2280 2051 2348 sind

348 2397 408 2460 τοῦ
430 2392 694 2480 παιδοτρίβου).
740 2399 797 2461 Sed
821 2417 1000 2479 quamquam
1024 2408 1176 2463 aecusator
1197 2399 1261 2480 ipse
1283 2399 1354 2462 illud
1378 2401 1581 2479 gravissimum
1605 2411 1817 2482 argumentum
1845 2398 1967 2481 profert,
1993 2415 2052 2478 quo

485 2580 507 2642 1)
523 2579 550 2632 ln
570 2582 618 2632 hoe
637 2583 693 2632 loco
712 2597 797 2632 omnes
815 2579 870 2632 lere
888 2581 938 2632 viri
958 2581 1026 2633 docti
1046 2580 1212 2633 offenderunt
1248 2581 1360 2648 ignatius
1388 2590 1472 2635 monet
1495 2585 1644 2650 (hepid)
1668 2587 1731 2636 haec
1755 2583 1843 2647 uerba,
1865 2583 1889 2634 si
1912 2582 1949 2633 ita
1973 2582 2054 2632 iuter-

350 2673 502 2736 pnuguntnr,
523 2682 628 2734 prorsus
646 2667 794 2733 discrepare
812 2667 842 2719 sb
862 2667 908 2733 eis,
928 2681 991 2734 quae
1010 2667 1075 2718 dicit
1091 2667 1265 2720 adversarius.
1300 2667 1324 2720 is
1343 2670 1409 2722 enim
1429 2670 1561 2721 contendit
1579 2669 1738 2722 defensorem
1758 2684 1851 2732 negare
1876 2675 2010 2734 utrunque
2028 2673 2054 2717 et

350 2753 430 2806 hlium
449 2753 526 2805 icisse
543 2753 678 2818 (getrofen
697 2753 771 2817 habe)
791 2769 894 2821 pusrnns
913 2761 939 2804 et
956 2752 1132 2806 interfecisse:
1150 2756 1222 2822 Byb
1241 2743 1327 2821 οὗτος,
1347 2751 1379 2813 ὃς
1394 2751 1463 2826 μήτε
1475 2747 1644 2823 passioneius
1662 2751 1825 2809 ἀποκτεῖναί
1835 2769 1904 2824 φησι
1916 2750 1946 2806 τό
1959 2743 2055 2825 μειρά-

350 2856 419 2905 κιον,
437 2841 548 2908 itsmqne
565 2841 608 2910 yn
626 2839 733 2911 μᾶλλον
750 2839 779 2895 δέ
796 2839 865 2894 έκόιν
882 2835 936 2892 οὔτ’
955 2838 1049 2907 ἔβαλεν
1067 2835 1122 2892 οὔτ’
1144 2835 1311 2896 ἀπέκτεινεν.
1347 2845 1491 2895 Accusator
1510 2845 1591 2908 igitur
1610 2860 1681 2896 reurn
1700 2850 1726 2896 et
1744 2843 1821 2895 icisse
1845 2850 1871 2894 et
1893 2839 2055 2893 interfecisse

351 2929 522 2988 demonstrata
540 2943 613 2994 quarn
632 2930 664 2978 oh
682 2943 735 2979 rem
755 2927 867 2978 liiassins
885 2927 986 2991 (iiheiu.
1000 2927 1064 2979 llius.
1079 2927 1119 2993 tt,
1134 2945 1156 2996 p.
1174 2929 1231 2995 101)
1250 2932 1383 2997 proposuit
1402 2931 1549 2982 lectionem:
1569 2927 1647 2996 ἔβαλε
1658 2929 1711 2998 μὲν
1723 2923 1821 2982 οὐδένα
1833 2925 1891 2981 οὐδ
1905 2925 2054 2980 ἀπέκτεινε.

351 3013 518 3066 Mutationem
536 3015 709 3067 distinctionis
727 3014 840 3078 ignatius
858 3013 964 3067 adhibet.
978 3015 1057 3066 nullis
1076 3015 1174 3067 litteris
1193 3013 1286 3067 laesis:
1312 3015 1390 3082 έβοιίε
1412 3015 1463 3070 μὲν
1487 3010 1545 3080 οὔκ,
1570 3011 1712 3069 ἀπέκτεινε
1736 3015 1765 3068 δὲ
1787 3012 1896 3068 οὐδένα.
1933 3011 2054 3080 Equidem

353 3101 466 3153 codicum
484 3099 621 3152 lectionem
639 3115 696 3151 esse
715 3101 864 3151 seruandam
888 3115 993 3164 censeo;
1012 3115 1067 3152 nans
1087 3108 1113 3152 et
1130 3103 1287 3154 accusatoris
1306 3109 1333 3154 et
1351 3099 1497 3154 defensoris
1515 3103 1688 3155 ratiocinandi
1711 3103 1753 3156 vie
1772 3102 1943 3154 tantummodo
1963 3101 2057 3152 nititur

352 3187 499 3239 discrimine
519 3187 654 3238 uerborum
671 3181 779 3250 βάλλειν
797 3194 824 3238 et
841 3182 1022 3240 ἀποκτείνειν.
1057 3188 1086 3240 st
1104 3187 1129 3238 id
1149 3189 1270 3240 mensoria
1289 3197 1411 3253 tenemus,
1430 3189 1505 3242 facile
1523 3199 1564 3242 est
1577 3191 1721 3254 intellectu,
1739 3204 1788 3257 qno
1802 3189 1875 3240 ruodo
1888 3188 1961 3239 locus
1974 3189 2055 3238 inter-

353 3274 490 3340 pretandos
508 3273 557 3334 sit,
577 3270 696 3324 defensor
714 3271 781 3323 enirn
799 3279 918 3324 accurate
938 3275 1007 3326 inter
1025 3275 1142 3326 notiones
1160 3267 1270 3338 βόλλειν
1294 3283 1320 3327 et
1349 3273 1519 3328 decanatuum
1542 3277 1712 3328 distinxerat:
1739 3273 1847 3341 βάλλειν
1873 3276 1903 3326 de
1927 3274 1977 3326 teli
2001 3274 2054 3324 ictn

352 3355 580 3422 dicitinwerfen).
605 3359 748 3410 Accusator
759 3366 843 3410 antem
857 3367 988 3427 utramque
1007 3361 1134 3412 notiomru
1151 3361 1309 3427 permiscens
1321 3353 1430 3428 βόλλειν
1448 3364 1495 3414 suh
1507 3364 1594 3415 eadem
1606 3361 1661 3414 iere
1677 3364 1780 3414 notione
1795 3369 1870 3428 atque
1884 3358 2053 3412 ἀποκτείνειν

352 3445 603 3514 usurpet(==trelfen,
623 3445 798 3511 seruandae),
816 3453 847 3497 nt
863 3462 910 3497 auo
929 3447 985 3497 iure
1003 3447 1089 3498 dicere
1106 3448 1232 3514 potnerit:
1250 3449 1320 3516 By'l
1340 3444 1405 3500 ἀλλὰ
1424 3451 1463 3507 τίς
1481 3443 1496 3500 ὁ
1514 3445 1605 3514 βαλών
1621 3449 1708 3512 ἐστιν)
1726 3449 1830 3500 verbnm
1849 3455 1933 3500 autern
1946 3439 2050 3512 βάλλειν

353 3535 471 3586 ahsolnte
489 3540 638 3600 usurpatum
656 3534 721 3600 apud
742 3533 876 3584 liemarum
894 3547 992 3601 semper
1010 3534 1162 3586 vulnerandi
1179 3535 1307 3586 notionem
1326 3535 1411 3603 hahet,
1424 3535 1456 3586 cf.
1471 3537 1570 3588 ilonaer.
1584 3536 1623 3587 ed.
1636 3535 1712 3588 Fessi
1730 3537 1762 3587 sd
1780 3535 1827 3586 oa.
1840 3532 1886 3598 lx,
1898 3533 1946 3596 oe,
1964 3530 2049 3593 hshrs,

353 3623 384 3673 de
404 3619 546 3672 Aristarchi
564 3619 631 3672 stud.
648 3619 713 3671 bom.
731 3620 781 3684 (ed.
793 3618 834 3683 111)
853 3635 877 3686 p.
891 3620 931 3672 bi.
951 3620 1071 3671 lierodot.
1090 3618 1109 3684 1,
1122 3620 1163 3672 aa.

489 3707 510 3772 ί)
529 3705 670 3758 Occasione
689 3705 773 3757 oblata
793 3707 875 3758 locum
893 3707 1037 3758 accuratius
1056 3707 1192 3774 exquirere
1209 3707 1279 3772 licet,
1299 3707 1340 3758 coi
1358 3706 1549 3774 interpretando
1568 3705 1619 3757 viri
1638 3707 1708 3757 docti
1726 3721 1805 3772 nsque
1829 3704 1926 3757 frustra
1954 3717 2054 3771 operam

354 3795 487 3847 dederunt.
523 3793 651 3861 Scriptum
670 3793 827 3846 invenimus:
850 3796 921 3862 Byii
944 3789 1030 3862 ὁμὲν
1050 3790 1104 3865 γάρ
1121 3791 1155 3863 ,ἐν
1177 3783 1265 3862 τούτῳ
1289 3791 1329 3862 spi
1350 3795 1437 3862 καιρῷ
1462 3783 1630 3861 καλούμενος
1656 3787 1712 3844 ὑπὸ
1739 3791 1788 3842 τοῦ
1815 3789 1998 3860 παιδοτρίβου
2025 3783 2056 3845 ὃς

351 3877 500 3948 ἀπεδέχετο
516 3882 575 3938 τοῖς
592 3876 761 3938 ἀκοντίζουσι
777 3875 811 3930 soi
830 3870 944 3932 ἀκόντια
961 3873 1146 3946 ἀναιρεῖσθαι,
1164 3877 1209 3933 διὰ
1227 3877 1276 3947 τὴν
1293 3882 1342 3933 τοῦ
1358 3875 1487 3947 βαλόντος
1503 3875 1658 3931 ἀκολασίαν
1675 3879 1799 3947 πολεμίῳ
1816 3880 1854 3945 api
1871 3875 1968 3930 sosiaco
1985 3879 2055 3944 βέλει

354 3957 521 4040 περιπεσών,
539 3961 618 4018 οὐδέν
635 3966 674 4022 sir
691 3958 779 4017 οὐδέν’
795 3958 934 4037 ἁμαρτόν,
953 3962 1058 4025 ἀθλίως
1076 3961 1225 4021 ἀπέθανεν.
1250 3964 1266 4019 ὀ
1286 3965 1317 4020 δὲ
1334 3967 1398 4035 περί
1415 3965 1464 4021 τὸν
1489 3966 1538 4032 τῆς
1555 3961 1718 4036 ἀναιρέσεως
1738 3961 1836 4032 καιρὸν
1858 3957 2056 4034 πλημμελήσας

357 4048 390 4105 οὐ
401 4050 450 4104 τοῦ
462 4050 567 4104 σκοποῦ
580 4054 673 4119 τυχεῖν
683 4045 811 4117 ἐκωλύθη.
839 4051 967 4103 frankins
980 4059 1007 4103 et
1017 4052 1131 4104 Blassius
1143 4053 1295 4104 infinitivum
1305 4051 1482 4126 decessiones
1491 4053 1587 4115 delent,
1601 4053 1644 4102 sed
1656 4053 1722 4102 node
1733 4050 1835 4103 verbum
1847 4053 1995 4128 provenerit
2005 4068 2052 4101 nos

355 4145 470 4208 apparet,
488 4153 566 4205 neque
585 4139 660 4189 stiam
679 4139 706 4188 in
724 4137 848 4189 antithesi
866 4137 1015 4190 vocabulum
1028 4134 1192 4206 ἀναιρέσεως
1204 4145 1275 4190 recte
1289 4138 1407 4205 intellegi
1426 4146 1519 4205 potest,
1537 4138 1560 4188 si
1579 4137 1723 4189 infinitivus
1736 4139 1761 4188 in
1776 4138 1863 4205 priore
1877 4137 2053 4188 enuntiatione

356 4229 436 4278 deest.
471 4223 633 4278 lactescens
651 4225 749 4292 quidem
767 4223 846 4277 verba
863 4225 958 4292 accipit
983 4226 1013 4276 de
1032 4225 1139 4290 homins,
1156 4225 1199 4292 qui
1218 4226 1270 4277 tela
1289 4225 1429 4291 colligendi
1452 4240 1538 4275 euram
1562 4225 1693 4292 suscipere
1714 4226 1790 4276 solet.
1826 4223 1889 4276 Num
1913 4223 2055 4290 putabimus

356 4312 531 4382 paedotribam
543 4313 590 4363 hoc
602 4325 706 4363 munere
718 4308 831 4363 lusctnns
843 4313 918 4364 esaei
943 4311 970 4364 C.
983 4311 1029 4364 ro.
1043 4310 1200 4362 liermannns
1212 4310 1314 4376 (hehrb.
1328 4313 1350 4362 d.
1363 4326 1402 4376 gr.
1416 4311 1485 4362 Priv.
1501 4312 1594 4363 hitert.
1608 4310 1624 4377 β
1637 4311 1670 4362 36
1683 4311 1748 4362 son.
1762 4311 1803 4373 211)
1818 4327 1863 4378 pro
1876 4308 2055 4382 παιδοτρίβου

355 4399 466 4452 coniecit
482 4397 674 4466 παιδαγωγοῠ;
693 4396 780 4449 obstat
795 4405 879 4450 antona
896 4398 954 4450 huin
972 4398 1134 4450 coniecturae
1153 4399 1225 4450 iocus
1244 4399 1397 4465 tetralogiae
1416 4396 1471 4462 di,
1490 4399 1534 4465 qni
1551 4399 1610 4450 huic
1635 4400 1768 4450 enuntiato
1792 4399 1938 4465 respondet:
1963 4399 1988 4449 si
2003 4395 2055 4466 plu

356 4483 411 4539 ἀπὸ
430 4483 480 4537 τοῦ
496 4482 677 4556 παιδοτρίβου
694 4477 865 4554 καλούμενος
883 4481 1028 4555 διέτρεχεν,
1047 4480 1062 4535 ὁ
1081 4481 1259 4552 παιδοτρίβης
1276 4479 1311 4536 ἀν
1327 4479 1493 4542 ἀποκτείνας
1510 4477 1597 4537 αὐτόν
1616 4487 1664 4550 εἴη.
1701 4485 1778 4550 Quam
1802 4486 1832 4535 oh
1855 4499 1909 4536 rena
1927 4483 2055 4546 Stsrhins,

357 4574 400 4642 qui
417 4573 553 4624 llernanni
571 4571 664 4624 librum
684 4572 759 4625 novis
776 4571 954 4624 additamentis
973 4571 1079 4623 adiectis
1098 4571 1188 4635 edidit,
1207 4572 1287 4624 verba
1305 4565 1337 4628 ὅς
1350 4611 1355 4621 .
1368 4609 1374 4622 .
1389 4609 1395 4622 .
1410 4609 1417 4622 .
1435 4565 1611 4642 ἀναιρεῖσθαι
1630 4586 1678 4621 non
1701 4572 1732 4622 ad
1757 4569 1929 4638 paedotribam
1956 4571 1999 4622 aed
2024 4569 2054 4620 ad

358 4675 460 4728 puerum
478 4666 594 4710 nemtnrn
613 4656 702 4710 refert.
729 4657 816 4726 Neque
829 4650 891 4713 v'ero
903 4665 980 4709 antea
992 4659 1022 4709 de
1034 4659 1082 4710 hoo
1095 4659 1168 4724 pueri
1181 4659 1283 4721 nogotio
1296 4658 1427 4726 quicquam
1440 4667 1659 4711 commemoratum
1672 4662 1720 4722 est,
1739 4673 1818 4725 neque
1832 4657 1910 4708 uerba
1922 4658 2055 4723 sequentia

358 4741 373 4796 ὁ
390 4743 420 4798 δὲ
437 4746 501 4816 περὶ
518 4741 565 4797 τὸν
582 4744 630 4810 τῆς
647 4739 812 4817 ἀναιρέσεως
823 4741 920 4814 καιρὸν
937 4741 1131 4814 πλημμελήσας
1147 4751 1232 4812 aptum
1250 4761 1351 4798 sensnm
1369 4745 1501 4811 praebent
1536 4745 1599 4796 lium
1618 4745 1674 4796 illis
1691 4744 1780 4796 uerbis
1798 4744 1849 4795 tela
1868 4752 1987 4810 snsceptn
1998 4759 2054 4795 esse

357 4831 520 4900 exprimitur,
538 4847 594 4883 anm
613 4846 675 4898 puer
692 4831 814 4896 iaciebat;
834 4831 920 4882 verbis
941 4839 1023 4882 autem
1042 4825 1073 4888 ds
1090 4825 1235 4898 ὑπεδέχετο
1317 4833 1459 4883 mandatnm
1472 4831 1566 4882 nullum
1580 4831 1750 4882 eontinentur.
1787 4829 1962 4882 Jsrnstedtius
1974 4831 2055 4894 igitur

359 4925 457 4971 textum
475 4919 501 4968 in
520 4919 651 4970 codicibus
664 4919 785 4970 traditum
798 4916 884 4982 laesit,
902 4919 967 4985 qnod
979 4925 1058 4969 totaru
1071 4918 1202 4984 periodum
1215 4911 1245 4975 ὃς
1257 4955 1263 4968 .
1275 4957 1281 4970 .
1292 4956 1299 4970 .
1312 4913 1490 4990 ἀναιρεῖσθαι
1500 4917 1578 4980 delet,
1596 4923 1728 4984 praeterea
1742 4920 1820 4969 verbs
1832 4917 1879 4982 τῆς
1890 4913 2055 4988 ἀναιρέσεως

357 5013 512 5059 etantanto
548 5006 632 5058 eiecit
663 5005 716 5071 Qus
735 5004 766 5056 de
785 5005 885 5056 ratione
904 5005 995 5056 critica
1013 5005 1142 5071 copiosius
1161 5005 1292 5057 disserere
1309 5005 1412 5068 longum
1431 5011 1478 5056 est
1512 5001 1617 5055 iisctins
1636 5004 1758 5068 cognovit
1775 5002 1887 5066 ignatius
1904 5005 1933 5068 (1.
1944 5021 1965 5055 ο.
1977 5021 1998 5070 p.
2010 5004 2055 5066 66)

359 5094 464 5146 verbum
481 5089 630 5161 ἀπεδέχετο
648 5108 734 5160 parum
753 5099 810 5159 apte
829 5108 885 5144 asse
904 5093 1007 5144 dietum.
1044 5091 1121 5158 Quam
1142 5092 1173 5142 oh
1192 5093 1351 5158 mulcedo,
1378 5107 1449 5158 quan
1468 5091 1569 5142 codices
1587 5089 1716 5156 praebent,
1743 5098 1783 5141 est
1801 5091 1929 5156 mutanda,
1955 5091 2053 5159 quoda
