4562 5568
746 316 1157 397 ν
1204 352 1241 365 -

286 499 432 580 eopiosior
454 506 533 561 esset
556 517 643 578 quam
663 457 990 576 ‘liiigato'rrinistamen
1012 452 1160 574 liiigantes
1183 511 1301 575 semper
1325 493 1433 556 iudicio
1456 494 1625 557 interfuisse
1640 494 1834 558 dubitandum
1853 516 1913 560 non
1930 508 1982 560 est.

286 612 381 686 Quam
399 610 436 671 ob
452 631 514 674 rem
532 611 557 672 si
574 630 640 674 rcus
657 619 724 691 post
739 611 867 691 priorem
885 609 1049 671 orationem
1065 612 1151 686 fugae
1165 627 1197 670 se
1213 606 1363 669 mandavit
1378 625 1464 669 causa
1480 607 1594 670 diffisus
1610 617 1712 686 negata
1728 610 1812 672 amici
1829 611 1983 673 cuiusdam

287 724 461 786 defensione
482 725 512 786 in
536 723 750 786 contumaciam
774 723 855 784 illum
880 723 1111 784 condemnatum
1135 740 1200 783 esse
1222 738 1398 800 persuasum
1422 719 1524 781 habeo.
1562 720 1593 782 Si
1609 694 1687 782 enim
1704 722 1767 803 lege
1782 723 1865 785 aliter
1882 725 1986 786 luisset

286 836 496 909 constitutum,
526 837 731 917 unusquisque
754 835 851 898 caedis
873 835 905 896 in
927 835 975 896 ius
998 841 1116 896 vocatus
1139 833 1211 894 clam
1236 831 1310 894 urbe
1332 833 1431 895 relicta
1455 833 1601 896 causidico
1624 834 1737 897 cuidam
1761 854 1877 898 causam
1900 855 1983 899 suam

285 951 429 1030 agendam
453 949 517 1011 sine
541 949 631 1011 dubio
654 949 823 1011 tradidisset
845 958 876 1009 et
898 947 1027 1010 iudicum
1053 945 1197 1024 suffragiis
1220 945 1341 1007 demum
1366 943 1516 1007 absolutus
1539 945 1685 1010 rediisset.

430 1062 548 1136 Quare
571 1069 738 1124 commotus
761 1060 874 1122 iuvenis
897 1057 996 1140 fugit?
1040 1058 1163 1120 lnsidias
1190 1067 1220 1120 et
1249 1056 1339 1119 malas
1361 1065 1454 1132 artes,
1481 1057 1588 1139 quibus
1611 1069 1796 1123 accusatores
1819 1060 1931 1122 iudices
1954 1062 1983 1122 in

286 1185 390 1257 partes
413 1194 482 1238 suas
505 1175 666 1246 traherent,
689 1192 774 1236 reum
796 1173 988 1256 pertimuisse
1010 1181 1153 1253 patronus
1176 1171 1207 1236 in
1230 1171 1349 1232 exordio
1366 1171 1509 1234 orationis
1525 1170 1644 1251 exponit
1660 1169 1721 1247 (l'd
1739 1173 1778 1252 1).
1815 1172 1894 1235 Talia
1909 1174 1984 1236 tacta

286 1308 353 1351 esse
373 1287 492 1351 saeculo
515 1296 620 1369 quarto
643 1305 677 1349 ex
692 1286 900 1348 Demosthenis
924 1294 954 1346 et
975 1284 1127 1348 Aeschinis
1150 1283 1365 1360 orationibus¹l
1389 1283 1468 1346 cerni
1491 1291 1602 1364 potest;
1626 1283 1744 1348 Periclis
1767 1293 1865 1348 autem
1889 1295 1984 1348 aetate

286 1402 358 1463 lraec
381 1399 568 1463 verisimilia
592 1417 654 1461 non
678 1399 824 1462 videntur.
862 1398 1020 1459 Praeterea
1043 1397 1162 1468 accedit,
1186 1397 1265 1478 quod
1289 1396 1318 1458 in
1342 1407 1446 1476 quarta
1469 1395 1651 1460 oratiuncula
1675 1397 1821 1460 secundae
1843 1399 1985 1459 orationis

285 1522 457 1594 argumenta
490 1511 553 1593 (Γβ
571 1514 601 1587 1;
624 1513 656 1591 2)
687 1511 983 1596 ηοιίειίοιῖίιοοιιίἰο
1011 1510 1103 1572 allatis
1138 1509 1366 1571 confirmantur:
1406 1507 1488 1570 ΓΗ
1522 1503 1556 1570 ol
1587 1505 1650 1590 γὰρ
1681 1504 1840 1594 μάρτυρες
1867 1506 1984 1573 τοῦτόν

286 1640 392 1709 φασιν
421 1621 519 1708 ἄρξαι
546 1623 602 1707 τῆς
629 1621 771 1706 πληγῆς,
799 1643 816 1684 e
844 1623 951 1704 quibus
978 1623 1095 1686 iuvenis
1126 1621 1270 1702 supplicio
1304 1621 1389 1682 adlici
1429 1638 1490 1682 non
1524 1621 1684 1701 potuisset,
1716 1624 1887 1701 praesertim
1916 1643 1982 1685 cum

287 1747 438 1801 accusator
468 1738 545 1819 ipsc,
577 1746 609 1799 ut
635 1755 723 1818 supra
753 1736 894 1809 vidimus,
924 1736 1060 1834 iuveqem
1089 1734 1257 1797 inconsulto
1289 1734 1410 1796 caedem
1433 1743 1564 1814 patrasse
1585 1733 1738 1814 protessus
1760 1744 1839 1796 esset
1861 1735 1985 1817 ideoque

287 1851 361 1915 nibil
384 1849 510 1930 amplius
534 1867 622 1929 quam
645 1849 763 1912 erilium
788 1868 838 1910 reo
861 1857 941 1910 esset
963 1847 1139 1910 timendum.
1184 1847 1287 1928 Neque
1316 1863 1397 1908 nunc
1424 1845 1544 1926 quidem
1572 1845 1721 1920 defensor,
1749 1865 1818 1908 cum
1840 1865 1925 1910 reum
1949 1847 1984 1910 ab

285 1963 399 2043 impetu
421 1963 502 2024 sonis
524 1982 556 2024 se
580 1962 739 2024 defendere
761 1970 896 2023 coactum
920 1980 983 2022 esse
1006 1968 1136 2031 constat,
1163 1959 1241 2020 illam
1271 1960 1366 2036 legam
1393 1958 1521 2038 profert,
1551 1977 1609 2040 qua
1635 1959 1750 2020 iuvenis
1773 1959 1863 2021 luerit
1885 1959 1982 2022 absol·

286 2076 440 2151 vendus¹)‚
456 2093 636 2155 quamquam
653 2074 758 2136 similis
774 2074 820 2135 lex
836 2073 958 2136 citatur:
985 2071 1031 2135 Γδ
1047 2073 1066 2132 7
1088 2071 1261 2152 πανιαχοῦ
1275 2066 1407 2152 μεγάλα
1421 2067 1576 2152 ἐπιτίμια
1592 2067 1757 2134 ἐπίκειται
1773 2071 1819 2154 τῷ
1835 2069 1983 2154 ἄρξαντι,

285 2188 332 2272 τῷ
354 2185 391 2254 δὲ
414 2181 608 2271 ἀμυνομένῳ
632 2181 780 2268 οὐδαμοῦ
803 2181 901 2248 οὐδὲν
916 2183 1090 2266 ἐπιτίμιον
1103 2186 1300 2266 γέγραπται,
1325 2205 1401 2266 quae
1416 2184 1452 2246 ad
1469 2181 1571 2265 νόμον
1586 2181 1699 2257 αἰκίας
1714 2191 1830 2246 mutum
1849 2184 1984 2264 pertinet,

287 2301 365 2383 quod
382 2302 463 2364 notio
479 2299 675 2363 interficiendi
691 2318 835 2380 nusquam
853 2297 1097 2381 deprehenditur.
1125 2296 1217 2370 Quidl
1234 2296 1374 2360 delensor
1389 2315 1489 2361 nonne
1501 2297 1619 2358 disertis
1633 2296 1729 2358 verbis
1741 2296 1876 2358 obtinere
1889 2298 1986 2377 potuit

287 2423 424 2495 cognatos
446 2414 527 2493 ipsos
549 2413 619 2474 huic
641 2412 755 2475 medico
778 2431 879 2475 senem
904 2411 1068 2473 curandum
1092 2410 1265 2483 tradidisse,
1294 2420 1326 2473 ut
1355 2411 1403 2472 ille
1425 2413 1609 2473 vulneratum
1638 2412 1798 2490 perimeret
1820 2418 1908 2491 atque
1929 2411 1985 2491 ipsi

287 2527 351 2588 eius
373 2545 406 2588 re
427 2525 563 2588 familiari
586 2522 774 2606 potirentur?
818 2524 896 2586 llaec
917 2532 1100 2603 argumenta,
1129 2542 1203 2605 quae
1226 2533 1284 2586 mm
1310 2525 1476 2598 manifesta,
1505 2533 1565 2585 tam
1595 2522 1755 2605 probabilia
1778 2531 1875 2596 erant,
1904 2524 1985 2586 nullo

223 2693 232 2712 ,
288 2639 376 2702 verbo
397 2637 613 2719 respicientem
635 2647 664 2700 at
686 2647 786 2700 umen
809 2646 889 2710 sunt,
911 2637 961 2717 qul
982 2635 1198 2717 Antiphontem
1222 2636 1275 2700 bas
1297 2636 1463 2717 tetralogias
1485 2636 1689 2717 composuisse
1704 2643 1818 2716 putent,
1841 2644 1874 2698 ut
1896 2655 1984 2716 argu-

289 2758 388 2814 menta
410 2747 447 2829 ἐξ
469 2745 605 2813 εἰκότων
627 2751 751 2814 deducta
775 2749 910 2830 discipuli
933 2749 1108 2811 ediscerent.

429 2864 614 2944 Quocunque
635 2863 736 2926 oculos
758 2871 876 2925 nostros
898 2863 1113 2936 convertimus,
1143 2862 1273 2944 undique
1299 2863 1419 2925 inanem
1443 2870 1688 2942 argumentomm
1711 2859 1840 2943 speciem
1864 2868 1894 2923 et
1915 2879 1984 2922 sen-

286 2976 446 3039 tentiarum
469 2976 670 3040 infirmitatem
694 2993 871 3054 cognoscere
894 2993 1065 3059 possumus.
1103 2976 1199 3056 litque
1222 2975 1309 3038 etiam
1325 2974 1486 3053 Btassius⁸l
1502 2975 1589 3038 huius
1605 2973 1776 3054 tetralogiae
1791 2973 1985 3036 ratiocinandi

288 3091 346 3162 vim
370 3097 400 3152 et
422 3090 708 3170 argumentationem
731 3090 859 3172 pessime
882 3097 1049 3152 contextam
1074 3089 1348 3171 videturqsensisse.
1392 3089 1517 3153 blultum
1540 3095 1638 3151 autem
1663 3089 1756 3160 abest,
1779 3095 1812 3149 ut
1833 3084 1983 3148 falsarium

289 3223 378 3286 parvo
400 3203 520 3283 ingenio
542 3203 709 3284 praeditum
732 3203 785 3264 bas
808 3201 1007 3265 oratiunculas
1030 3201 1136 3264 fecisse
1158 3208 1251 3283 putet,
1275 3211 1307 3264 ut
1329 3202 1429 3284 potius
1445 3220 1548 3264 omnes
1564 3200 1736 3280 tetralogiae
1750 3199 1839 3261 buius
1855 3197 1985 3261 salebras

289 3337 324 3380 er
346 3316 460 3396 legibus
482 3316 662 3398 imperfectis
692 3324 722 3377 et
750 3315 854 3378 ordine
882 3313 1008 3378 iudiciali
1032 3314 1127 3377 Attico
1154 3315 1256 3396 inique
1283 3315 1445 3378 consulatu
1474 3322 1552 3376 ortas
1583 3332 1650 3376 esse
1672 3331 1847 3394 persuasum
1871 3310 1984 3374 habeat.

287 3430 331 3493 dd
355 3447 471 3502 causas,
499 3428 645 3509 equibus
668 3428 890 3508 tetralogiarum
914 3436 1065 3491 auctorem
1090 3445 1189 3490 rerum
1213 3427 1379 3490 dorensium
1402 3445 1461 3490 non
1486 3427 1556 3488 satis
1579 3444 1703 3506 gnarum
1736 3425 1827 3488 luisse
1856 3431 1984 3506 apparet,

288 3551 440 3624 praeterea
463 3541 583 3616 accedit,
608 3541 685 3622 quod
709 3541 758 3604 ille
780 3541 892 3604 iudices
914 3541 1007 3604 semel
1029 3541 1257 3620 compellatione
1279 3541 1432 3621 significat,
1456 3557 1529 3620 quae
1552 3540 1583 3600 in
1606 3538 1745 3600 omnibus
1761 3557 1796 3600 ex
1812 3537 1985 3619 antiquitate

289 3655 375 3718 nobis
397 3655 511 3718 traditis
541 3653 723 3717 orationibus
748 3653 932 3717 iudicialibus
960 3671 1123 3735 numquam
1152 3653 1310 3736 reperitur3
1338 3654 1424 3714 Βα1
1455 3652 1533 3714 onim
1561 3651 1679 3712 exbibet
1702 3650 1788 3714 uerba
1820 3640 1986 3732 ὦοῗνδρες

288 3765 437 3830 nollem.
481 3768 563 3841 Quae
586 3766 780 3829 adlocutionis
800 3766 897 3829 forma
921 3766 1029 3848 aliquid
1051 3766 1160 3829 insoliti
1185 3766 1280 3839 babet,
1314 3767 1392 3846 quod
1418 3765 1543 3826 usitatae
1566 3764 1679 3826 formae
1707 3771 1791 3826 sunt:
1823 3756 1988 3844 ὦᾶνδρος

288 3881 349 3944 siro
371 3873 397 3944 ol
419 3875 535 3962 ἄνδρες
551 3876 721 3958 δικασταί,
744 3880 775 3942 in
791 3879 973 3942 orationibus
989 3889 1086 3943 autem
1103 3879 1180 3961 apud
1196 3879 1385 3960 Areopagitas
1400 3877 1508 3940 habitis
1530 3877 1777 3959 deprehenditur:
1801 3869 1826 3938 ὦ
1841 3872 1944 3959 βουλή
1951 3871 1986 3959 ⁴),

288 4012 345 4075 qna
367 4002 489 4074 propter
511 3994 587 4057 banc
609 3995 735 4056 formam
759 3993 853 4054 virum
878 3999 994 4054 tantum
1018 3992 1157 4054 adbibere
1178 3991 1312 4073 potuisse
1328 3990 1473 4062 existimo,
1496 3990 1546 4069 qui
1561 3989 1664 4051 iudicii
1678 3989 1765 4052 dttici
1782 3989 1983 4052 institutiones

287 4125 410 4190 prorsus
432 4107 620 4186 ignoraverit.
658 4107 691 4169 ln
715 4103 898 4169 orationibus
920 4104 1101 4185 epidoictiois
1123 4105 1192 4167 olias
1214 4122 1324 4186 easque
1345 4103 1450 4167 liberas
1473 4103 1583 4166 lormas
1607 4122 1673 4166 esse
1689 4111 1844 4184 usurpatas
1861 4110 1984 4176 constat,

287 4218 325 4281 id·
340 4219 418 4301 quod
441 4220 476 4282 ad
499 4239 601 4283 causas
624 4218 756 4302 publicas
779 4236 839 4280 non
862 4216 1035 4296 pertineat).

423 4529 442 4586 ²)
460 4528 620 4580 llomostbeo.
633 4526 704 4590 XIX,
719 4521 744 4579 l.
765 4527 884 4579 nonanto.
904 4527 930 4578 ia
948 4525 1060 4596 Cteslpb.
1076 4528 1098 4579 1.

423 4615 442 4680 ²)
461 4605 510 4668 loia
526 4631 568 4670 mc
585 4606 758 4681 ἀμυνόμενος
775 4609 894 4680 ἄρχοντα
908 4613 1010 4683 χειροῖν
1023 4609 1126 4665 ἀδίκων
1136 4615 1235 4684 κτείνῃ,
1252 4609 1465 4679 adbaptistam,
1478 4610 1509 4662 ol.
1522 4606 1785 4671 Demosthenlllllll,
1798 4609 1845 4672 603
1865 4607 1986 4677 Philippi,

289 4701 339 4754 Dar
358 4703 475 4770 Areopog
493 4717 516 4750 n.
536 4700 577 4752 die
595 4699 715 4766 pratan,
736 4715 758 4766 p.
772 4701 813 4751 56.
832 4699 917 4752 Locus
939 4716 955 4752 ι
979 4699 1075 4751 Blaesio
1097 4700 1225 4751 adbibitus
1248 4699 1304 4764 (llic
1326 4705 1374 4750 att.
1399 4698 1559 4750 lleradaamlr.
1577 4695 1613 4758 1¹,
1631 4711 1655 4761 p.
1671 4695 1718 4745 168
1733 4695 1798 4746 Ado.
1813 4694 1847 4762 1),
1872 4703 1900 4746 ut
1922 4697 1986 4748 bane

291 4792 372 4854 legam
391 4790 428 4842 ita
446 4786 662 4854 interpretandam
682 4802 730 4837 ooo
749 4803 807 4839 essa
826 4789 1022 4850 demonstraret,
1041 4803 1054 4836 ι
1073 4793 1162 4838 nostm
1179 4787 1327 4854 quaestione
1345 4785 1473 4851 abborrat,
1492 4799 1548 4834 nam
1562 4784 1585 4834 in
1599 4781 1644 4834 illa
1658 4781 1776 4834 oratioue
1791 4781 1985 4835 llemostlraniea

289 4877 336 4940 (or.
349 4873 422 4939 XXI,
436 4875 480 4938 'ltq
495 4876 536 4937 lbl
556 4875 626 4924 notio
645 4867 741 4943 ἄρχειν
753 4871 855 4944 χειροῖν
872 4867 975 4925 oidlxom
992 4875 1072 4925 deest.

422 4961 442 5025 ⁸)
461 4961 506 5012 nie
523 4967 570 5012 att.
588 4959 747 5012 lleredsamk.
760 4957 795 5024 1³,
808 4975 831 5026 p.
846 4959 902 5012 172.

424 5048 444 5108 ⁴)
461 5046 581 5115 Philippi,
599 5047 650 5098 Dar
667 5048 787 5114 Areopaq
804 5063 827 5098 u.
846 5046 889 5098 die
907 5046 1028 5114 llpbetam
1047 5060 1070 5112 p.
1083 5043 1130 5108 323
1149 5043 1208 5095 323.

423 5133 444 5200 ⁸)
463 5134 620 5186 llamostben.
636 5133 674 5186 ed.
687 5131 816 5186 llabdoutz
833 5148 855 5200 p.
872 5132 928 5185 159.
