4562 5568
986 305 1201 371 ..o-1..

245 491 363 552 firmare
396 487 531 550 iuvenem
560 485 672 550 iniusta
709 506 781 548 nece
810 487 883 548 facta
918 504 1021 548 senem
1057 481 1220 548 occidisse?
1260 484 1294 546 ln
1328 484 1541 566 posterioribus
1564 482 1642 546 enirn
1666 483 1857 546 oratiunculis
1880 501 1939 544 non

248 602 336 664 modo
359 618 463 662 senem
485 598 686 680 compluribus
709 599 813 660 diebus
836 609 903 679 post
927 606 1075 662 mortuum
1100 597 1206 676 esse1),
1241 597 1291 660 sed
1316 597 1402 660 etism
1426 597 1488 660 aliis
1516 596 1694 660 testimoniis
1721 596 1813 658 allatis
1840 613 1939 658 senem

247 713 339 776 rixam
362 731 500 776 exorsum
530 731 596 774 esse
631 711 804 783 ostenditur,
838 721 871 774 ut
892 710 929 772 de
952 711 1039 772 caede
1061 710 1184 772 oonsilio
1215 710 1371 772 commissa
1405 710 1525 771 omnino
1548 727 1608 772 non
1642 709 1680 770 sit
1713 707 1939 790 cogitandum2).

246 828 368 890 blasima
392 834 491 888 autem
514 825 668 888 admiratio
693 823 864 898 movebitur,
888 843 954 886 oum
979 823 1167 904 contemplati
1191 823 1301 886 erimus
1316 823 1348 884 in
1364 823 1459 885 causis
1479 821 1605 903 publicis
1621 839 1681 884 non
1699 821 1794 882 asinas
1811 828 1941 882 actorem

247 949 276 1003 et
298 958 383 1002 reum
405 938 530 1001 solemni
551 938 617 1000 iure
638 938 764 1000 iurando
786 937 906 1000 adactos
923 955 989 998 esse
1008 955 1098 1016 quam
1118 943 1206 998 testes
1224 935 1371 1016 utrimque
1387 935 1548 1017 productos
1556 933 1588 1010 ὅ).
1622 933 1652 996 Si
1669 953 1736 996 vero
1753 933 1818 1014 quis
1833 933 1941 996 falsum

246 1053 450 1116 testimonium
474 1051 599 1114 edidisse
622 1049 845 1130 coarguebatur,
869 1049 952 1112 facile
975 1048 1103 1132 γραφῆς
1125 1046 1420 1132 ψευδομαρτυριῶν
1441 1047 1571 1110 accusari
1599 1055 1722 1127 poterat.
1767 1047 1847 1120 Quae
1872 1067 1940 1108 oum

248 1167 286 1228 ita
309 1185 375 1228 sese
397 1165 533 1238 habeant,
555 1171 645 1226 testes
667 1162 737 1224 illud
761 1181 880 1244 quoque
904 1162 1106 1224 testimonium
1129 1161 1187 1222 tide
1210 1160 1416 1224 confirmatum
1438 1160 1564 1222 edidisse
1579 1158 1758 1221 credendum
1782 1159 1866 1220 nobis
1882 1169 1941 1236 est3

246 1278 330 1344 aliter
352 1275 429 1338 enim
453 1275 516 1337 lieri
540 1291 601 1336 non
624 1282 750 1356 poterat,
775 1283 809 1334 ut
831 1270 940 1356 ἄρχων
963 1267 1129 1352 βασιλεύς,
1157 1291 1225 1334 oum
1253 1273 1368 1352 cognati
1390 1273 1526 1335 iuvenem
1550 1272 1582 1334 in
1607 1271 1654 1334 ius
1681 1280 1827 1342 vocarent,
1854 1291 1939 1334 accu-

246 1389 391 1450 sationem
414 1387 567 1468 acciperet,
590 1396 620 1448 et
642 1405 729 1448 causa
755 1386 785 1447 in
812 1385 919 1448 indicio
946 1381 982 1446 dv
1004 1379 1211 1468 ’Λρττοττάγῳ
1239 1395 1384 1463 ageretur.
1430 1385 1537 1446 Verum
1565 1384 1640 1446 banc
1666 1384 1843 1446 sententiam
1871 1385 1941 1446 dum

246 1501 465 1584 perpendimus,
481 1518 575 1562 novae
590 1499 722 1580 undique
734 1507 923 1560 succrescunt
936 1497 1132 1560 difficultates.
1166 1497 1199 1560 lu
1213 1499 1341 1560 secunda
1354 1499 1433 1560 enim
1446 1497 1628 1560 oratiuncula
1641 1515 1709 1558 reus
1722 1496 1943 1560 criminationes

245 1615 374 1676 refutare
397 1614 499 1676 studet
522 1620 551 1673 et
581 1629 682 1672 senem
713 1611 806 1672 rixam
836 1627 974 1672 exorsum
1006 1629 1069 1671 esse
1099 1610 1265 1672 contendit:
1291 1609 1372 1690 Γβ2
1396 1608 1453 1673 τὸν
1474 1607 1536 1692 γὰρ
1558 1605 1701 1689 ἄρξαντα
1722 1609 1778 1690 τῆς
1801 1607 1941 1692 πληγῆς,

247 1726 277 1788 εἰ
298 1723 359 1807 μὲν
390 1720 515 1806 σιδήρῳ
538 1719 558 1805 ἢ
580 1721 670 1806 λίθῳ
699 1719 718 1806 ἢ
745 1718 829 1802 ξύλῳ
857 1715 1030 1804 ἠμυνάμην
1056 1715 1168 1798 αὐτόν,
1195 1717 1331 1804 ἠδίκουν
1363 1720 1424 1803 μὲν
1450 1717 1519 1784 oaid’
1546 1716 1661 1798 οὕτως,Ι
1693 1740 1767 1802 quas
1794 1740 1854 1784 non
1882 1731 1941 1784 tam

247 1844 434 1916 exponuntur
457 1853 544 1916 quam
569 1836 695 1897 strictim
720 1843 832 1896 tanturn
857 1835 946 1896 modo
969 1834 1163 1913 proferuntur
1185 1833 1273 1896 nullis
1297 1834 1474 1897 testimoniis
1496 1833 1644 1906 adhibitis,
1674 1834 1762 1896 nullis
1785 1834 1942 1896 verborum

247 1948 470 2029 probationibus
493 1947 594 2010 allatis.
639 1946 747 2020 Quidni
771 1946 827 2008 boo
849 1945 913 2006 loco
936 1945 1114 2008 testimoniis
1137 1944 1269 2009 defensio
1291 1944 1455 2008 fulciatur?
1487 1945 1539 2008 Vir
1561 1945 1622 2006 veri
1644 1945 1739 2007 simile
1762 1954 1806 2008 ost
1827 1946 1942 2009 iudices

245 2061 360 2122 iuvenis
385 2060 482 2121 verbis
505 2060 594 2121 tidem
618 2059 782 2120 tributuros
807 2059 905 2130 fuisse,
929 2057 1101 2138 praesertim
1125 2077 1192 2119 cum
1215 2065 1306 2119 testas
1330 2059 1509 2120 accusatoris
1524 2059 1637 2120 iurasse
1657 2059 1791 2121 iuvenem
1808 2061 1943 2121 consulto

246 2174 428 2237 interfecisse
458 2190 545 2253 supra
572 2172 743 2234 viderimus.
799 2169 908 2244 Quidni
939 2187 1008 2232 reus
1035 2171 1191 2233 confestim
1219 2170 1402 2233 demonstret
1429 2179 1629 2232 accusatorem
1656 2171 1691 2232 ad
1718 2171 1844 2234 fallacias
1871 2190 1943 2254 pro-

245 2305 380 2368 gressum
403 2304 476 2360 esse,
507 2286 585 2365 quod
610 2285 657 2346 ille
681 2283 716 2345 ab
738 2285 842 2344 iurene
866 2301 966 2346 senem
995 2283 1129 2364 protinus
1158 2291 1296 2346 necatum
1328 2302 1392 2345 esse
1426 2284 1543 2346 disertis
1579 2284 1673 2346 verbis
1707 2283 1944 2346 confirmaverit?

246 2400 304 2462 Sed
328 2417 396 2460 oram
419 2416 509 2458 senex
531 2397 634 2478 pande
657 2395 759 2457 diebus
783 2405 851 2476 post
877 2415 892 2456 e
918 2395 974 2458 vita
1001 2395 1166 2464 excesserit,
1198 2397 1276 2476 quod
1308 2397 1449 2468 medicus,
1480 2397 1563 2458 cuins
1595 2415 1682 2459 curae
1715 2399 1830 2476 cognati
1860 2399 1943 2462 illum

245 2512 435 2583 tradiderant,
459 2527 526 2572 eum
550 2527 687 2590 perverse
710 2507 844 2570 tractarit
866 2506 929 2588 (Γβ
945 2506 988 2586 4),
1012 2527 1043 2569 se
1065 2507 1185 2568 omnino
1209 2525 1270 2569 non
1293 2509 1478 2571 interfecisse
1501 2529 1569 2571 reus
1602 2530 1656 2591 pro
1685 2520 1765 2572 certo
1793 2511 1941 2572 adfirmat:

247 2626 277 2687 Γ
273 2623 328 2703 ps
352 2621 414 2701 ἐγώ
438 2620 474 2684 δὲ
497 2622 551 2684 καὶ
576 2617 727 2702 δεύτερον
749 2619 805 2682 καί
827 2621 938 2702 τρίτον
961 2612 1018 2682 οὐκ
1041 2613 1237 2684 ἆποκτοίναί
1260 2641 1345 2705 φημι
1369 2632 1398 2682 et
1422 2623 1504 2702 Γβ6
1528 2619 1591 2699 ἐγώ
1614 2620 1673 2704 μὲν
1702 2618 1813 2686 οὐδενὶ
1828 2619 1940 2706 τρόπῳ

245 2733 364 2820 φονεὺς
386 2729 488 2799 αὐτοῦ
510 2733 587 2816 εἰμί.
633 2733 771 2807 Quamvis
794 2733 866 2794 baec
888 2733 1067 2796 defensionis
1097 2736 1190 2816 capita
1220 2755 1236 2798 a
1265 2755 1316 2798 reo
1347 2736 1471 2798 dilucide
1505 2738 1696 2819 explicentur,
1731 2736 1840 2816 quibus
1870 2738 1942 2799 nibil

246 2848 432 2912 manifestius
456 2848 512 2910 dici
535 2856 644 2928 potest,
668 2855 767 2908 tamen
791 2846 956 2926 Philippiue
979 2846 1063 2909 aliter
1084 2850 1194 2910 sentire
1217 2867 1277 2911 non
1301 2848 1444 2911 dubitavit
1467 2849 1605 2910 obtinens
1629 2867 1714 2912 reum
1736 2849 1844 2930 ipsum¹
1858 2851 1943 2912 fateri

245 2981 277 3024 se
299 2961 465 3024 inconsulto
490 2955 602 3036 (ἄκων)
626 2955 787 3034 necasse⁴).
832 2957 888 3018 Sed
914 2976 952 3018 ne
975 2957 1043 3020 hnic
1058 2960 1177 3039 quidem
1195 2960 1326 3041 opinioni
1344 2961 1518 3041 adstipulari
1537 2980 1669 3042 possum,
1694 2981 1760 3023 oum
1778 2963 1942 3044 Philippiue

246 3073 375 3136 auctoris
398 3073 484 3135 verba
508 3071 641 3152 argutius
663 3089 751 3150 quam
776 3069 873 3132 verius
896 3070 1104 3150 interpretatus
1127 3090 1192 3132 esse
1215 3072 1327 3152 aliaque
1351 3074 1381 3134 in
1404 3075 1446 3134 eis
1468 3075 1617 3138 invenisse
1641 3075 1774 3138 rideatur
1793 3095 1826 3138 ac
1847 3077 1941 3156 signi-

247 3185 336 3245 ficare
359 3185 482 3246 voluerit
506 3183 671 3264 tetralogiae
694 3191 805 3246 auctor.
851 3183 940 3244 Cuius
964 3183 1128 3246 sententiae
1150 3185 1369 3248 confirmandae
1392 3206 1477 3249 causa
1508 3207 1523 3248 a
1552 3186 1699 3268 Philippio
1729 3189 1828 3251 nullus
1859 3190 1940 3252 locus

248 3296 389 3368 adfertur,
412 3315 444 3356 ex
469 3315 527 3376 quo
549 3297 607 3359 hoo
627 3295 767 3358 iudicium
793 3302 940 3376 appareat.
984 3297 1014 3358 Si
1038 3296 1118 3358 enim
1142 3316 1211 3359 reus
1234 3299 1431 3363 intentissima
1454 3318 1523 3362 cura
1539 3301 1567 3362 id
1585 3303 1700 3380 egisset,
1725 3310 1758 3364 ut
1772 3322 1803 3364 se
1819 3305 1939 3366 eaedem

248 3427 306 3470 non
330 3409 523 3470 voluntariam
548 3410 733 3472 commisisse
760 3409 1021 3486 demonstrar·et⁶),
1052 3412 1122 3472 satis
1152 3411 1258 3473 fuisset
1282 3413 1429 3474 iudicibus
1456 3413 1636 3476 testimoniis
1662 3433 1810 3497 exponere
1838 3436 1939 3479 senem

246 3521 338 3584 rixam
362 3520 512 3596 incitasse;
535 3522 586 3583 sed
609 3541 679 3584 reus
701 3539 789 3602 porro
812 3522 908 3603 pergit
930 3540 1100 3585 asseverans
1123 3542 1225 3586 senem
1249 3526 1371 3588 omnino
1394 3543 1455 3587 non
1481 3525 1652 3589 verberibus
1674 3528 1725 3589 sed
1742 3529 1849 3590 medici
1865 3531 1939 3592 mala

248 3653 317 3696 eura
341 3654 406 3697 esse
429 3634 668 3716 interfectum⁶);
693 3655 789 3716 neque
811 3653 871 3698 uno
894 3643 1012 3699 tantum
1034 3639 1098 3700 loco
1122 3637 1178 3700 lroe
1199 3638 1334 3713 iactatur,
1356 3639 1407 3700 sed
1431 3638 1592 3701 identidem
1621 3649 1650 3700 et
1672 3659 1724 3720 per
1746 3658 1849 3702 omnes
1873 3660 1939 3702 ora-

248 3746 393 3808 tiunculas
416 3747 619 3828 compluribus
642 3749 740 3810 modis
764 3749 904 3810 variatum
930 3749 1041 3810 medico
1064 3750 1231 3831 intertur').
1275 3752 1326 3813 Sin
1342 3760 1441 3812 autem
1459 3769 1541 3814 reum
1564 3751 1781 3814 demonstrasse
1804 3754 1940 3832 ponimus

248 3877 280 3919 se
303 3859 424 3919 omnino
447 3877 507 3921 non
531 3879 651 3922 necasse
675 3861 725 3922 sed
749 3860 864 3924 medico
881 3861 1113 3924 criminationem
1129 3863 1340 3943 imponendam
1358 3883 1432 3936 esse,
1447 3864 1576 3946 penitius
1593 3867 1757 3945 perspicere
1773 3886 1940 3947 possumus,

248 3988 323 4051 quae
345 3979 515 4047 argumenta
539 3980 570 4031 et
591 3990 606 4031 a
630 3991 681 4033 reo
705 3981 733 4033 et
761 3973 797 4034 ab
820 3983 987 4036 accusatore
1010 3976 1040 4037 in
1065 3973 1301 4056 προδτκασίατς
1324 3976 1468 4038 iudicibus
1498 3979 1630 4057 exposita
1658 3979 1726 4040 sint.
1772 3979 1845 4040 Nam
1874 3999 1941 4041 oum

248 4109 460 4122 —..---—-

382 4169 402 4238 1)
422 4169 485 4234 ΠΗ
504 4169 553 4220 νῦν
570 4167 598 4220 dl
618 4171 728 4227 πολλοῖς
745 4168 855 4242 ἡμέραις
871 4165 985 4245 ὕστερον
1001 4176 1136 4246 μοχθηρῷ
1155 4175 1241 4246 ἰατρῷ
1258 4174 1433 4248 ἰποτρεφθεὶς
1454 4173 1498 4229 dui
1524 4174 1573 4242 τὴν
1596 4180 1645 4228 τοῦ
1667 4179 1762 4250 ἰατροῦ
1784 4181 1943 4250 μοχθηρίαν

247 4259 293 4310 καὶ
310 4253 342 4310 οὗ
360 4253 409 4314 τὰς
426 4251 533 4322 πληγὰς
550 4252 680 4308 ἀπέθανε.

381 4345 402 4407 ’l
422 4341 461 4394 Ill
471 4341 485 4390 ³
505 4341 532 4393 ol
548 4338 602 4412 γὰρ
619 4333 752 4412 μάρτυρες
769 4335 868 4395 τοῦτόν
884 4341 930 4408 (ae.
950 4341 1045 4404 senem)
1064 4353 1151 4410 φασιν
1168 4335 1250 4410 ἄρξαι
1267 4343 1311 4408 τῆς
1327 4343 1437 4410 πληγῆς.

384 4429 404 4494 ³)
417 4429 544 4480 Similiter
556 4428 683 4480 iudicavit
694 4445 772 4495 nuper
785 4429 980 4492 Sehoemmnm,
994 4435 1124 4494 postquam
1138 4431 1288 4481 sententiam
1302 4438 1375 4482 antea
1389 4431 1420 4482 de
1433 4431 1488 4480 inre
1502 4429 1607 4480 iurando
1621 4430 1743 4497 prolatam
1757 4432 1821 4493 (att.
1835 4430 1942 4486 Proaoss

250 4532 271 4582 p.
285 4517 343 4577 (ilbi
364 4516 465 4567 reiecit.
484 4513 541 4578 (Gr.
554 4515 726 4566 Staatsaltert.
739 4513 758 4579 l,
772 4533 793 4582 p.
807 4516 857 4568 514
870 4515 933 4566 aaa.
949 4517 982 4573 1.)
1002 4514 1034 4566 ef.
1047 4514 1164 4580 Philippi,
1178 4515 1195 4564 l.
1206 4533 1226 4566 e.
1242 4532 1264 4582 p.
1278 4517 1318 4567 8'l.

384 4602 402 4664 ⁴)
423 4601 473 4652 lter
492 4604 608 4668 Areopag
627 4619 649 4652 u.
670 4602 710 4653 die
731 4601 852 4668 preten,
872 4619 893 4668 p.
909 4601 953 4650 26:
974 4599 1024 4651 Der
1044 4599 1202 4664 Angelrlagte
1216 4601 1286 4665 istja
1302 4601 1607 4664 eingestandeuermafsea
1622 4601 1702 4651 selbst
1716 4603 1760 4652 der
1773 4602 1882 4666 Tbiter3
1897 4622 1943 4655 nur

251 4689 281 4737 ob
301 4688 341 4738 die
361 4688 468 4738 Absiebt
486 4707 516 4740 zu
535 4693 605 4740 tiitea
627 4689 771 4740 vorbanden
791 4705 855 4752 war,
873 4690 909 4739 ist
927 4687 1090 4749 Gegeastand
1110 4687 1153 4736 des
1172 4687 1289 4737 Str-sites.
1310 4685 1341 4738 of.
1355 4704 1377 4753 p.
1393 4689 1432 4739 or.

384 4775 404 4836 ὓ)
424 4773 541 4842 Philippi,
563 4777 579 4826 l.
594 4794 615 4828 o.
628 4792 649 4842 p.
664 4777 709 4827 27:
729 4775 762 4826 So
781 4776 849 4826 siebt
862 4791 926 4838 maa,
947 4772 1001 4824 dafs
1014 4771 1081 4824 liade
1094 4774 1142 4824 uad
1157 4772 1303 4835 Gegeurede
1317 4773 1372 4824 sicia
1385 4773 1409 4824 ia
1423 4774 1478 4824 dem
1491 4771 1588 4824 Streits
1601 4772 1709 4838 bewegt‚
1727 4773 1758 4823 ob
1771 4775 1813 4825 die
1825 4769 1944 4842 πρόνοια

250 4861 395 4911 verbanden
416 4876 477 4910 war.

382 4945 402 5012 ⁰)
423 4949 459 5010 lit
475 4947 491 4996 t
509 4937 696 5015 προλεγόντων
707 4943 759 5016 γὰρ
773 4940 844 5012 αὐτῷ
857 4947 910 4998 τῶν
922 4940 1010 4998 duur
1023 4945 1130 5014 despair,
1145 4945 1168 4998 el
1181 4941 1279 5010 ταύτην
1302 4943 1353 5011 τὴν
1370 4947 1521 5014 θεραπείαν
1538 4933 1746 5014 θεραπεύσοιτο,
1764 4941 1805 4998 ὅτι
1831 4943 1944 5014 ἰάσιμος

250 5027 270 5084 οἲ
275 5049 289 5086 ν
305 5025 535 5103 δοαφθαρήσοττο.

385 5117 407 5181 ⁷)
424 5115 456 5169 cf.
476 5121 514 5184 ra
525 5120 554 5182 33
567 5120 582 5169 6
588 5137 597 5182 ‚-
610 5117 626 5169 d
638 5120 653 5169 S
667 5112 697 5170 οἰ
711 5116 764 5188 γὰρ
777 5115 832 5171 ὑπὸ
845 5119 898 5171 τῶν
910 5119 1022 5187 πληγῶν
1033 5115 1088 5170 ettt’
1102 5114 1158 5170 ainai
1172 5119 1217 5170 τοῦ
1231 5119 1327 5189 ἰατροῦ
1341 5113 1356 5169 ὁ
1369 5111 1436 5185 aiteio
1449 5109 1595 5172 ἀπέθανεν.
1610 5117 1628 5170 d
1640 5119 1678 5170 ll.

1732 5202 1768 5258 4⁸
